4632 5916
613 95 687 168 ιθ*

676 207 678 212 .
793 165 819 210 ¹¹·-
859 160 867 172 “

785 423 800 454 ,
1556 434 1562 446 ,
1638 423 1651 437 ,

482 485 550 580 ιβ
727 523 730 528 -
796 457 1683 566 ἾΑοοιιιοτΗοιιειι

479 596 564 661 xime
576 585 760 684 praecedens
770 592 822 660 lex
839 615 920 664 201.
939 585 993 659 ubi
1006 588 1227 683 peremptoria
1241 611 1324 656 voce
1336 587 1408 669 ait,¹
1427 587 1607 662 OMNIA,
1633 610 1747 679 queex
1758 581 1935 677 testamento
1942 582 2072 686 profici·

470 689 636 780 scantur,
661 687 709 760 ita
720 688 841 780 statum
854 712 984 759 eventus
997 711 1128 788 capere,
1145 682 1322 780 fiinitium
1356 711 1456 780 noque
1465 688 1530 776 fine
1541 681 1624 754 virio
1639 681 1795 784 ceperim.

466 849 468 856 ,
526 792 693 860 Caetetum
706 785 747 858 de
763 784 1028 868 definitionibus,
1053 781 1161 861 idest,
1188 781 1229 854 de
1244 713 1380 881 Regdlis
1392 789 1427 852 δι
1440 785 1609 878 preceptis
1622 781 1716 870 suris
1732 779 1847 854 civilis
1870 781 2069 856 nortunatim

476 912 571 984 agere
588 881 618 956 se
631 887 761 956 testatur
775 883 966 961 Iavolenus:
992 909 1069 954 nam
1087 879 1288 974 Definitiones
1291 880 1382 970 juris
1396 881 1574 962 naturalis,
1601 879 1634 962 id
1652 880 1717 958 est,
1742 879 1991 971 Naturaliajuta
2014 877 2068 954 seu

477 1008 653 1080 precepta,
678 983 787 1056 divina
801 983 944 1080 quadam
965 979 1171 1077 providentia
1189 979 1386 1062 constituta,
1415 1002 1452 1049 ut
1470 974 1593 1072 semper
1615 975 1710 1050 firma
1732 1001 1833 1073 atque
1857 977 2068 1052 immutabilia

475 1106 691 1178 permanent,
717 1085 746 1158 5.
762 1089 821 1154 ult.
838 1082 911 1173 Ιηβ.
928 1085 965 1152 de
978 1087 1006 1151 I.
1019 1088 1073 1154 N.
1086 1088 1128 1152 G.
1142 1083 1208 1148 &c
1224 1079 1270 1146 ita
1285 1081 1320 1146 &
1333 1101 1377 1150 ee
1391 1071 1574 1148 certoluut
1583 1131 1595 1164 ,
1622 1101 1730 1172 neque
1745 1101 1783 1147 ut
1795 1073 1998 1149 definitiones
2009 1085 2062 1172 ju-

480 1183 523 1252 ris
539 1181 640 1252 civilis
657 1176 836 1276 periculosa
850 1177 909 1252 elle
923 1174 1074 1274 possunt.
2090 1189 2104 1202 ’·

471 1335 478 1350 .
528 1285 568 1352 Ει
581 1281 626 1348 ita
644 1279 798 1376 quidem,
825 1303 917 1366 uteo
931 1277 1082 1368 redeam,
1108 1275 1176 1348 hec
1187 1275 1235 1347 lex
1249 1273 1456 1376 intelligenda
1469 1277 1534 1360 est,
1561 1272 1757 1370 dq‘inirionis
1767 1300 1853 1349 uoce
1864 1298 1994 1371 accepta
2005 1323 2015 1354 ι
2027 1301 2064 1350 ut

475 1379 579 1450 Greci
595 1403 765 1470 accepere.
790 1403 852 1474 pro
867 1375 1040 1476 Regula&
1054 1401 1199 1446 canone.
1227 1371 1289 1444 Etsi
1308 1369 1382 1446 sunt
1407 1378 1466 1470 qui
1493 1375 1619 1446 malunt
1644 1373 1852 1466 Definitionis
1869 1400 1988 1446 vocem
2014 1377 2064 1452 hic

476 1467 621 1570 accipere
643 1475 683 1546 de
707 1478 851 1546 nominis
877 1478 961 1546 reive
975 1472 1149 1570 preposite
1164 1473 1394 1568 explicatione,
1420 1499 1493 1570 que
1515 1469 1678 1544 ell'entiam
1706 1475 1749 1542 rei
1771 1472 1906 1565 explicat
1932 1470 2067 1569 &quid

477 1596 617 1666 quaeque
630 1599 679 1644 res
694 1571 749 1658 sn,
775 1600 855 1662 λογῳ
870 1603 920 1642 τις
936 1601 1027 1640 vertet
1043 1570 1217 1664 βιὶιβιιιιιίι
1235 1572 1434 1676 exposttione,
1460 1573 1602 1668 denique
1613 1572 1654 1644 de
1669 1569 1911 1651 definitionibus
1936 1574 1987 1642 Lo
2011 1575 2067 1644 icis

474 1667 529 1742 seu
546 1671 743 1744 Dialedlicis.
771 1677 870 1746 Certe
884 1679 917 1744 δι
945 1672 993 1742 hae
1013 1666 1086 1765 ipsae
1108 1695 1244 1768 quoque
1263 1670 1435 1772 periculose
1458 1665 1550 1748 sunt,
1577 1670 1734 1764 facileque
1750 1663 1890 1740 subverti
1914 1599 2067 1763 pollllnt.

477 1767 700 1856 Quintilianus
713 1771 769 1844 lib.
786 1799 820 1857 7.
837 1801 866 1844 c.
886 1800 917 1863 3.
931 1769 1035 1848 dehis
1051 1765 1166 1868 agens:
1195 1777 1289 1840 Nam
1311 1769 1351 1860 ιβ
1374 1771 1471 1840 etiam
1495 1771 1853 1844 PERICULOSUM.
1877 1793 1952 1837 cum
1959 1773 1986 1859 β
2006 1796 2067 1841 uno

476 1866 513 1940 in
529 1867 620 1938 verbo
628 1873 669 1962 βι
683 1895 823 1942 erratum
837 1895 903 1943 tora
921 1869 1015 1960 causa
1028 1866 1166 1960 cecidiffe
1180 1866 1369 1938 videamur.
1388 1875 1427 1939 l:t
1440 1893 1538 1938 mor.
1567 1875 1617 1938 Eo
1640 1863 1785 1959 (finitio)
1810 1865 1927 1938 derbes
1942 1867 2065 1968 generi-

478 1967 533 2047 bes
548 1971 785 2042 EVERTITU
792 1975 848 2052 R,
867 1975 898 2066 β
907 1994 965 2040 aut
972 1968 1060 2061 falfir
1077 1967 1142 2060 est,
1166 1990 1224 2038 aut
1233 1993 1349 2070 parum
1357 1972 1468 2068 plera.
1482 1973 1520 2038 Et
1537 1961 1750 2059 Philosophus
1768 2015 1777 2042 ,
1803 1991 1909 2034 omo
1925 1993 2005 2051 parer
2016 1995 2069 2052 epo

475 2095 702 2152 craretrerat,
735 2099 784 2136 ιιι
815 2095 1023 2156 perairorio
1051 2095 1102 2153 opti
1117 2091 1232 2151 ιιιιιιριιν
1258 2065 1399 2136 omnium
1418 2066 1557 2157 facilins
1588 2064 1628 2155 ιβ
1659 2067 1801 2159 regulam
1825 2062 1998 2155 restaurare
2029 2073 2066 2146 (l-

466 2165 607 2257 facilius
622 2167 765 2239 omnium
779 2173 918 2268 regulam
932 2168 969 2236 Ae
981 2163 1082 2234 medio
1100 2169 1204 2234 tollere
1221 2217 1229 2235 .
1248 2164 1354 2258 lthue
1369 2167 1403 2234 in
1427 2161 1680 2236 Definitionibus
1696 2166 1773 2250 'puris
1786 2165 1984 2236 nominatim
1997 2187 2063 2234 cer·

473 2263 587 2340 nitur.
601 2287 673 2354 quc
687 2259 758 2334 sane
773 2259 958 2359 periculose
973 2267 1110 2333 maxime
1125 2259 1222 2346 sunt,
1240 2261 1315 2334 stad
1326 2261 1442 2354 justam
1453 2261 1633 2334 Dialesticae
1645 2259 1772 2331 lancem
1787 2263 1956 2358 exigantur
1971 2315 1979 2336 .
1996 2267 2063 2358 Ego

475 2381 583 2430 tamen
599 2363 702 2452 priori
716 2361 974 2454 interpretationi
988 2359 1217 2429 adherendum
1235 2365 1376 2429 omnino
1392 2356 1525 2438 censeo,
1537 2385 1653 2454 nempe
1665 2361 1749 2431 hauc
1760 2356 1785 2428 l.
1798 2358 1839 2428 de
1856 2357 1989 2458 Regulis
2006 2367 2024 2436 J
2027 2387 2066 2432 u·

451 2459 518 2556 'tis
531 2455 645 2532 Civilis
659 2464 694 2528 &
708 2455 899 2553 aphorismis
914 2457 1151 2552 accipiendam:
1177 2451 1472 2552 cujusmodi'etiam
1492 2458 1626 2556 Regulo
1649 2456 1756 2550 plures
1779 2451 1890 2528 iisdem
1916 2457 2064 2534 Jauoleui

471 2555 688 2650 Epistolarum
701 2555 795 2646 librisv
803 2580 999 2628 occurrunt.
1014 2559 1135 2649 Neque
1151 2557 1185 2626 in
1197 2557 1401 2626 contrarium
1418 2576 1555 2627 movent
1568 2575 1761 2653 argumenta
1771 2553 1904 2651 ,quibus
1918 2562 1978 2626 Vir
1991 2561 2065 2628 Do*

473 2653 630 2726 &illimus
643 2647 850 2750 sublimisque
865 2653 978 2746 judicii
996 2677 1099 2748 nuper
1113 2654 1197 2724 lianc
1210 2651 1232 2724 l.
1247 2651 1287 2722 de
1300 2647 1500 2724 Definitione
1514 2652 1711 2728 niueum,
1738 2679 1809 2724 uon
1834 2679 1916 2726 vero
1935 2655 1977 2727 de
1999 2661 2063 2728 Re-

471 2754 567 2852 gula,
595 2754 816 2848 accipiendam
830 2749 1029 2825 contendere
1041 2756 1076 2821 it.
1092 2753 1264 2829 Primum,
1291 2748 1399 2834 nulla,
1414 2753 1523 2847 inquit
1534 2805 1546 2835 ,
1557 2753 1728 2842 Neceffitas
1746 2773 1862 2848 urget.
1881 2773 1918 2824 ut
1935 2749 1992 2831 hic
2002 2765 2066 2828 De·

462 2849 581 2946 finitio
594 2876 657 2946 pro
673 2849 805 2951 Regula
820 2853 1018 2944 accipiatur.
1046 2850 1141 2933 Esto,
1169 2847 1292 2920 nullam
1305 2847 1521 2923 necessitatem
1547 2851 1630 2933 hanc
1654 2854 1688 2920 in
1713 2873 1836 2941 partem
1859 2848 1986 2936 videri,
2013 2849 2064 2926 sed

331 2991 333 2996 ·
471 2977 579 3046 neque
594 2953 628 3021 in
644 2949 776 3022 alteram
792 2973 917 3046 partem
933 2947 999 3020 ulla
1010 2945 1176 3021 necessitas
1190 2968 1342 3042 apparet:
1368 2973 1446 3018 cum
1459 2947 1499 3016 de
1511 2971 1654 3052 utroque
1666 2954 1754 3037 juxta
1769 2975 1835 3020 vox
1856 2951 2065 3042 Definitionis

472 3054 576 3145 accipi
593 3043 715 3144 pollit.
744 3053 801 3122 Ait
820 3045 985 3125 secundo.
1011 3042 1370 3142 Definitionisverbum
1386 3044 1589 3142 frequentius
1606 3047 1751 3139 ulurpari
1774 3071 1836 3141 pro
1850 3045 1950 3122 deseri
1977 3056 2065 3124 tione

361 3191 364 3198 .
470 3145 568 3242 ipsius
582 3149 625 3218 rei
645 3139 823 3220 substantie
837 3199 851 3234 ,y
874 3145 914 3216 ld
929 3171 1009 3216 vero
1024 3145 1175 3241 estquod
1189 3169 1336 3240 pernego
1349 3142 1391 3218 de
1403 3149 1493 3234 jure:
1510 3169 1586 3216 nam
1598 3149 1668 3214 imo
1684 3143 1885 3238 frequentius
1900 3075 2064 3220 dedititio-

471 3247 522 3314 nis
539 3249 573 3314 δι
589 3241 769 3328 definiendi
780 3271 846 3316 vox
859 3247 893 3316 in
908 3249 926 3321 J
931 3269 988 3315 ure
1001 3269 1066 3340 pro
1085 3243 1212 3340 Regula
1226 3238 1358 3313 effertur
1372 3247 1448 3315 .-De
1466 3239 1654 3314 definitione
1666 3251 1732 3334 jam
1745 3240 1839 3338 supra
1851 3245 1936 3344 leges
1957 3248 2064 3340 plures

471 3341 577 3414 citata
593 3395 604 3424 ,
631 3341 672 3414 de
687 3341 859 3416 definiendi
876 3367 959 3414 voce
973 3341 1060 3416 idem
1074 3340 1275 3426 dicendum,
1303 3365 1442 3436 quaeque
1457 3342 1570 3437 utique
1583 3367 1657 3434 pro.
1667 3343 1779 3440 regula
1806 3343 1923 3414 statum
1941 3343 2062 3442 signifi·

471 3463 538 3524 cat,
551 3437 653 3510 veluti
665 3445 750 3532 lac
762 3446 798 3512 de
812 3441 882 3512 div.
899 3467 961 3514 tem
984 3470 1027 3514 or.
1038 3446 1096 3512 l.2.
1112 3446 1292 3519 §.scevam
1303 3441 1340 3509 de
1355 3467 1387 3510 eo
1402 3441 1486 3535 quod
1498 3444 1668 3521 caroloco,
1680 3447 1702 3512 l.
1717 3471 1747 3534 3.
1769 3443 1863 3532 1‚5.de
1875 3444 2012 3544 impenfis
2024 3445 2061 3516 in

468 3563 516 3612 res
529 3539 593 3610 dor.
606 3543 631 3612 l.
649 3547 680 3610 6.
694 3542 731 3612 de
744 3539 861 3612 divort.
878 3544 939 3630 l.9.
954 3467 982 3618 s.
989 3542 1047 3630 sed
1052 3539 1161 3636 falli,l
1169 3547 1214 3612 D.
1228 3539 1266 3610 de
1272 3537 1363 3627 juris
1375 3549 1415 3622 ό*
1420 3537 1504 3630 salli
1518 3537 1585 3638 ign.
1599 3543 1622 3608 l.
1631 3542 1729 3626 97.de
1737 3541 1950 3636 solutionibus
1963 3549 1986 3614 l.
1995 3547 2058 3634 ιβ.

466 3636 623 3732 conceffa,
650 3647 694 3712 D.
711 3639 864 3712 dedonet.
880 3638 941 3710 int.
957 3641 1022 3712 vir.
1039 3643 1062 3710 l.
1079 3667 1113 3726 7.
1130 3643 1157 3716 §.
1181 3665 1209 3710 1.
1224 3639 1261 3708 de
1276 3661 1394 3740 except.
1409 3637 1536 3726 reijud.
1549 3643 1573 3708 l.
1591 3666 1605 3729 3
1613 3665 1646 3729 5.
1664 3641 1701 3708 de
1716 3639 1843 3743 oblrpar.
1859 3645 1882 3712 l.
1904 3669 1938 3730 9.
1961 3645 2058 3714 delae-

466 3737 532 3811 red.
543 3762 607 3838 pet.
625 3741 676 3812 Ac
689 3733 798 3810 nescio
812 3765 855 3810 au
871 3738 961 3810 ullibi
977 3745 1137 3830 totojurc
1150 3735 1347 3808 definitionis
1363 3761 1429 3808 vox
1441 3732 1630 3808 definitione
1644 3741 1766 3835 Logica
1778 3733 1973 3834 usurpetur.
1990 3751 2058 3814 De-

456 3833 596 3930 finiendi
609 3827 682 3907 sane
695 3837 797 3909 verbo
812 3837 877 3909 hoc
887 3833 978 3910 sensu
992 3841 1095 3910 utitur
1110 3842 1174 3913 JC.
1192 3833 1309 3908 Paulus
1323 3839 1357 3906 in
1370 3840 1480 3910 l.r.D.
1495 3836 1534 3906 de
1547 3836 1666 3918 tutelis,
1676 3845 1711 3906 δι
1723 3837 1835 3908 exinde
1849 3842 1882 3906 in
1899 3840 1976 3912 tntu
1992 3844 2055 3918 §.t.

464 3933 532 4005 eod.
546 3931 600 4004 tir.
616 3937 655 3999 Et
667 3935 761 4025 quod
776 3935 980 4010 Modestinus
995 3941 1059 4016 ait,
1085 3940 1120 4009 in
1135 3941 1157 4008 l.
1170 3964 1231 4010 non
1245 3937 1338 4008 aliter
1353 3943 1408 4022 69.
1425 3939 1453 4012 l.
1472 3961 1501 4005 ι.
1519 3944 1565 4006 D.
1582 3938 1618 4005 dr
1630 3942 1722 4033 legat.
1742 3965 1773 4026 3.
1795 3938 1830 4004 in
1855 3932 1948 4006 causa
1965 3939 2057 4010 teste·

463 4054 657 4104 mentorum
671 4053 741 4097 non
756 4027 796 4096 ad
810 4031 1028 4117 definitionem
1049 4039 1162 4130 utique
1175 4031 1233 4106 elle
1245 4029 1505 4106 descendendum
1519 4081 1528 4112 ,
1554 4059 1632 4104 cum
1647 4034 1841 4125 plerumque
1853 4031 1982 4105 abusive
2003 4035 2057 4106 lo-

211 4173 216 4184 ·
350 4185 353 4195 .
465 4153 632 4228 quantur,
660 4151 719 4198 nec
735 4127 875 4221 propriis
888 4129 1079 4200 nominibus
1092 4156 1129 4200 ac
1147 4129 1312 4200 vocabulis
1326 4127 1449 4223 semper
1463 4154 1615 4212 utuntur,
1640 4129 1674 4200 id
1685 4130 1725 4200 dc
1740 4135 1872 4223 propria
1894 4132 1990 4204 verbi
2015 4131 2057 4202 s-

491 4227 675 4301 nificatione
687 4223 913 4320 accipiendum
930 4225 997 4310 cll,
1026 4249 1063 4298 ut
1076 4231 1173 4296 eriam
1188 4221 1330 4319 ejusdem
1341 4226 1436 4298 initio
1450 4252 1605 4312 vocatur,
1635 4235 1669 4296 δι
1681 4233 1703 4298 l.
1725 4233 1779 4300 18.
1794 4231 1823 4304 §.
1843 4257 1874 4320 3.
1892 4237 1937 4302 D.
1953 4233 1991 4304 de
2002 4234 2053 4304 in-

457 4253 575 4420 βτιιὲἶο
587 4333 646 4424 leg.
657 4322 723 4398 Etst
734 4323 779 4396 ibi
793 4327 896 4398 Greci
913 4347 1046 4396 vertunt
1059 4333 1180 4415 αιριβιιι
1194 4353 1249 4416 oper
1268 4327 1658 4422 accuratordefieitiones.
1688 4331 1745 4399 Ait
1768 4333 1890 4413 tertio,
1914 4332 2007 4426 quod
2032 4327 2057 4404 fi

464 4423 592 4514 dietum
606 4424 688 4496 illud
712 4427 886 4518 pertineret
906 4421 948 4494 ad
966 4428 1017 4494 Re
1042 4425 1129 4496 ulam
1140 4479 1159 4509 ‚„
1177 4432 1195 4504 J
1202 4427 1376 4500 ustinianus
1391 4427 1425 4496 id
1440 4453 1510 4498 non
1522 4421 1673 4522 poiurll'ct
1689 4430 1773 4498 inter
1791 4431 1932 4526 Regulas
1956 4434 2055 4523 luris,

347 4609 353 4620 ι
467 4517 521 4599 sed
540 4521 649 4618 potius
663 4517 845 4592 collocasset
861 4523 967 4601 statim
984 4451 1124 4603 silicet,
1151 4525 1223 4618 post
1234 4531 1340 4623 legem.
1362 4553 1391 4596 1.
1407 4526 1504 4614 hujus
1516 4525 1620 4622 ntuli:
1636 4525 1689 4595 ub.
1705 4551 1743 4596 ex
1758 4527 1858 4598 Paulo
1869 4523 2053 4606 *Juriscons

467 4619 509 4692 de
523 4621 644 4716 regulis'
656 4623 689 4688 in
705 4617 892 4690 universum
906 4623 1119 4706 tractaverat,
1144 4647 1324 4716 earumque
1342 4625 1484 4716 pericula
1503 4617 1733 4718 descripserat.
1760 4625 1859 4712 Quali
1887 4653 1966 4699 veto
1988 4651 2059 4700 non

467 4734 519 4786 tot
534 4703 740 4794 uiaeiuhoc
757 4707 828 4812 ipso
843 4717 962 4805 titulo,
987 4717 1073 4820 leges
1090 4745 1266 4798 occurrant
1280 4719 1541 4804 concordantes,
1567 4721 1653 4802 loeis
1674 4745 1783 4802 tamen
1803 4717 2058 4898 disparaffilrs-
2196 4728 2202 4736 '

1443 4861 1444 4864 ι
1569 4869 1598 4905 e
1995 4847 2065 4922 que
