<?xml version="1.0" encoding="UTF-8"?>
<!DOCTYPE html PUBLIC "-//W3C//DTD XHTML 1.0 Transitional//EN"
    "http://www.w3.org/TR/xhtml1/DTD/xhtml1-transitional.dtd">
<html xmlns="http://www.w3.org/1999/xhtml" xml:lang="en" lang="en">
 <head>
  <title>
</title>
<meta http-equiv="Content-Type" content="text/html;charset=utf-8" />
  <meta name='ocr-system' content='tesseract 3.04.00' />
  <meta name='ocr-capabilities' content='ocr_page ocr_carea ocr_par ocr_line ocrx_word'/>
</head>
<body>
  <div class='ocr_page' id='page_1' title='image "./jacobigothofred00godegoog_0018.png"; bbox 0 0 4724 5930; ppageno 0'>
   <div class='ocr_carea' id='block_1_1' title="bbox 664 275 715 356">
    <p class='ocr_par' dir='ltr' id='par_1_1' title="bbox 664 275 715 356">
     <span class='ocr_line' id='line_1_1' title="bbox 664 275 715 356; baseline 0 -46"><span class='ocrx_word' id='word_1_1' title='bbox 664 275 715 356; x_wconf 45' lang='lat'>&#39;⁴¹-</span> 
     </span>
    </p>
   </div>
   <div class='ocr_carea' id='block_1_2' title="bbox 462 371 1703 636">
    <p class='ocr_par' dir='ltr' id='par_1_2' title="bbox 462 371 1703 636">
     <span class='ocr_line' id='line_1_2' title="bbox 625 371 685 440; baseline -0.15 -1"><span class='ocrx_word' id='word_1_2' title='bbox 625 371 685 440; x_wconf 62' lang='lat' dir='ltr'>li.</span> 
     </span>
     <span class='ocr_line' id='line_1_3' title="bbox 462 547 1703 636; baseline -0.011 0"><span class='ocrx_word' id='word_1_3' title='bbox 462 589 505 636; x_wconf 69' lang='grc' dir='ltr'><em>η</em></span> <span class='ocrx_word' id='word_1_4' title='bbox 835 547 1703 635; x_wconf 74' lang='lat' dir='ltr'>recorroorrtoraror</span> 
     </span>
    </p>
   </div>
   <div class='ocr_carea' id='block_1_3' title="bbox 441 643 2127 2744">
    <p class='ocr_par' dir='ltr' id='par_1_3' title="bbox 441 643 2127 2744">
     <span class='ocr_line' id='line_1_4' title="bbox 453 643 2061 752; baseline -0.009 -16"><span class='ocrx_word' id='word_1_5' title='bbox 453 665 541 736; x_wconf 78' lang='lat' dir='ltr'>TAS</span> <span class='ocrx_word' id='word_1_6' title='bbox 553 661 615 733; x_wconf 86' lang='lat' dir='ltr'>mei</span> <span class='ocrx_word' id='word_1_7' title='bbox 633 655 678 732; x_wconf 78' lang='lat' dir='ltr'>est</span> <span class='ocrx_word' id='word_1_8' title='bbox 695 681 772 738; x_wconf 62' lang='lat' dir='ltr'>aare</span> <span class='ocrx_word' id='word_1_9' title='bbox 785 654 935 728; x_wconf 87' lang='lat' dir='ltr'>videlicet</span> <span class='ocrx_word' id='word_1_10' title='bbox 951 657 1048 726; x_wconf 86' lang='lat' dir='ltr'>unius</span> <span class='ocrx_word' id='word_1_11' title='bbox 1061 649 1253 752; x_wconf 79' lang='lat' dir='ltr'>gravilstmae</span> <span class='ocrx_word' id='word_1_12' title='bbox 1283 647 1390 722; x_wconf 84' lang='lat' dir='ltr'>tutelae</span> <span class='ocrx_word' id='word_1_13' title='bbox 1412 649 1501 722; x_wconf 87' lang='lat' dir='ltr'>mole</span> <span class='ocrx_word' id='word_1_14' title='bbox 1523 655 1589 742; x_wconf 82' lang='lat' dir='ltr'>jam</span> <span class='ocrx_word' id='word_1_15' title='bbox 1611 669 1829 750; x_wconf 76' lang='lat' dir='ltr'>praegravatus</span> <span class='ocrx_word' id='word_1_16' title='bbox 1840 702 1851 734; x_wconf 92' lang='lat'>,</span> <span class='ocrx_word' id='word_1_17' title='bbox 1876 643 2061 722; x_wconf 77' lang='lat' dir='ltr'>adventitio</span> 
     </span>
     <span class='ocr_line' id='line_1_5' title="bbox 453 743 2057 850; baseline -0.009 -16"><span class='ocrx_word' id='word_1_18' title='bbox 453 763 562 835; x_wconf 87' lang='lat' dir='ltr'>adhuc</span> <span class='ocrx_word' id='word_1_19' title='bbox 575 759 704 832; x_wconf 84' lang='lat' dir='ltr'>alterius</span> <span class='ocrx_word' id='word_1_20' title='bbox 718 755 825 828; x_wconf 78' lang='lat' dir='ltr'>tutela</span> <span class='ocrx_word' id='word_1_21' title='bbox 837 749 1077 850; x_wconf 74' lang='lat' dir='ltr'>fasce-premar.</span> <span class='ocrx_word' id='word_1_22' title='bbox 1096 754 1230 822; x_wconf 86' lang='lat' dir='ltr'>Ateuirn</span> <span class='ocrx_word' id='word_1_23' title='bbox 1242 749 1326 821; x_wconf 86' lang='lat' dir='ltr'>hanc</span> <span class='ocrx_word' id='word_1_24' title='bbox 1342 743 1488 819; x_wconf 87' lang='lat' dir='ltr'>defiderii</span> <span class='ocrx_word' id='word_1_25' title='bbox 1503 751 1568 820; x_wconf 87' lang='lat' dir='ltr'>mei</span> <span class='ocrx_word' id='word_1_26' title='bbox 1582 753 1770 844; x_wconf 83' lang='lat' dir='ltr'>aequitatem</span> <span class='ocrx_word' id='word_1_27' title='bbox 1785 749 2057 834; x_wconf 70' lang='lat' dir='ltr'>MORATUlU,</span> 
     </span>
     <span class='ocr_line' id='line_1_6' title="bbox 453 846 2057 947; baseline -0.009 -13"><span class='ocrx_word' id='word_1_28' title='bbox 453 861 488 934; x_wconf 91' lang='lat' dir='ltr'>id</span> <span class='ocrx_word' id='word_1_29' title='bbox 502 861 546 934; x_wconf 89' lang='lat' dir='ltr'>est</span> <span class='ocrx_word' id='word_1_30' title='bbox 559 854 687 933; x_wconf 85' lang='lat' dir='ltr'>efficere</span> <span class='ocrx_word' id='word_1_31' title='bbox 702 855 834 928; x_wconf 88' lang='lat' dir='ltr'>videtur</span> <span class='ocrx_word' id='word_1_32' title='bbox 847 847 865 938; x_wconf 42' lang='lat'>,¹</span> <span class='ocrx_word' id='word_1_33' title='bbox 885 881 927 924; x_wconf 89' lang='lat' dir='ltr'>ne</span> <span class='ocrx_word' id='word_1_34' title='bbox 941 855 969 923; x_wconf 91' lang='lat' dir='ltr'>ei</span> <span class='ocrx_word' id='word_1_35' title='bbox 981 851 1074 924; x_wconf 81' lang='lat' dir='ltr'>locus</span> <span class='ocrx_word' id='word_1_36' title='bbox 1087 846 1146 922; x_wconf 84' lang='lat' dir='ltr'>else</span> <span class='ocrx_word' id='word_1_37' title='bbox 1161 847 1261 946; x_wconf 90' lang='lat' dir='ltr'>pollit</span> <span class='ocrx_word' id='word_1_38' title='bbox 1276 902 1291 933; x_wconf 92' lang='lat'>,</span> <span class='ocrx_word' id='word_1_39' title='bbox 1315 850 1445 947; x_wconf 83' lang='lat' dir='ltr'>gemina</span> <span class='ocrx_word' id='word_1_40' title='bbox 1462 850 1566 919; x_wconf 92' lang='lat' dir='ltr'>ratio.</span> <span class='ocrx_word' id='word_1_41' title='bbox 1593 849 1763 932; x_wconf 79' lang='lat' dir='ltr'>Prirrutm,</span> <span class='ocrx_word' id='word_1_42' title='bbox 1788 847 1870 920; x_wconf 85' lang='lat' dir='ltr'>ratio</span> <span class='ocrx_word' id='word_1_43' title='bbox 1884 848 2057 931; x_wconf 65' lang='lat' dir='ltr'>naturelit,</span> 
     </span>
     <span class='ocr_line' id='line_1_7' title="bbox 452 943 2056 1047; baseline -0.007 -17"><span class='ocrx_word' id='word_1_44' title='bbox 452 985 565 1044; x_wconf 69' lang='lat' dir='ltr'>werre</span> <span class='ocrx_word' id='word_1_45' title='bbox 581 983 750 1047; x_wconf 68' lang='grc' dir='ltr'>λογισμκ,</span> <span class='ocrx_word' id='word_1_46' title='bbox 779 951 933 1024; x_wconf 86' lang='lat' dir='ltr'>naturalis</span> <span class='ocrx_word' id='word_1_47' title='bbox 954 952 1160 1022; x_wconf 82' lang='lat' dir='ltr'>ratiocinatio</span> <span class='ocrx_word' id='word_1_48' title='bbox 1177 1002 1186 1018; x_wconf 94' lang='lat'>.</span> <span class='ocrx_word' id='word_1_49' title='bbox 1213 951 1335 1043; x_wconf 86' lang='lat' dir='ltr'>Neque</span> <span class='ocrx_word' id='word_1_50' title='bbox 1354 949 1443 1017; x_wconf 86' lang='lat' dir='ltr'>enim</span> <span class='ocrx_word' id='word_1_51' title='bbox 1459 943 1628 1041; x_wconf 87' lang='lat' dir='ltr'>probanda</span> <span class='ocrx_word' id='word_1_52' title='bbox 1645 945 1689 1016; x_wconf 86' lang='lat' dir='ltr'>est</span> <span class='ocrx_word' id='word_1_53' title='bbox 1705 947 1860 1042; x_wconf 84' lang='lat' dir='ltr'>Gipbauii</span> <span class='ocrx_word' id='word_1_54' title='bbox 1874 943 2056 1028; x_wconf 83' lang='lat' dir='ltr'>sententia,</span> 
     </span>
     <span class='ocr_line' id='line_1_8' title="bbox 454 1043 2071 1157; baseline -0.013 -24"><span class='ocrx_word' id='word_1_55' title='bbox 454 1061 515 1157; x_wconf 88' lang='lat' dir='ltr'>qui</span> <span class='ocrx_word' id='word_1_56' title='bbox 528 1059 606 1132; x_wconf 88' lang='lat' dir='ltr'>binc</span> <span class='ocrx_word' id='word_1_57' title='bbox 621 1050 825 1153; x_wconf 84' lang='lat' dir='ltr'>expungebat</span> <span class='ocrx_word' id='word_1_58' title='bbox 839 1077 958 1123; x_wconf 88' lang='lat' dir='ltr'>vocem</span> <span class='ocrx_word' id='word_1_59' title='bbox 973 1049 1129 1121; x_wconf 81' lang='lat' dir='ltr'>naturalis</span> <span class='ocrx_word' id='word_1_60' title='bbox 1146 1101 1157 1132; x_wconf 86' lang='lat'>,</span> <span class='ocrx_word' id='word_1_61' title='bbox 1185 1043 1275 1142; x_wconf 82' lang='lat' dir='ltr'>quasi</span> <span class='ocrx_word' id='word_1_62' title='bbox 1298 1045 1352 1117; x_wconf 88' lang='lat' dir='ltr'>bic</span> <span class='ocrx_word' id='word_1_63' title='bbox 1368 1051 1452 1116; x_wconf 90' lang='lat' dir='ltr'>tatio</span> <span class='ocrx_word' id='word_1_64' title='bbox 1465 1053 1501 1116; x_wconf 88' lang='lat'>&amp;</span> <span class='ocrx_word' id='word_1_65' title='bbox 1516 1043 1679 1116; x_wconf 81' lang='lat' dir='ltr'>dubitatio</span> <span class='ocrx_word' id='word_1_66' title='bbox 1694 1049 1772 1136; x_wconf 77' lang='lat' dir='ltr'>iuris</span> <span class='ocrx_word' id='word_1_67' title='bbox 1787 1071 1850 1143; x_wconf 89' lang='lat' dir='ltr'>pro</span> <span class='ocrx_word' id='word_1_68' title='bbox 1865 1045 1984 1118; x_wconf 86' lang='lat' dir='ltr'>eodem</span> <span class='ocrx_word' id='word_1_69' title='bbox 1999 1069 2071 1116; x_wconf 51' lang='lat' dir='ltr'>ae«</span> 
     </span>
     <span class='ocr_line' id='line_1_9' title="bbox 452 1142 2056 1254; baseline -0.008 -23"><span class='ocrx_word' id='word_1_70' title='bbox 452 1162 638 1254; x_wconf 75' lang='lat' dir='ltr'>cipiantur.</span> <span class='ocrx_word' id='word_1_71' title='bbox 667 1156 788 1250; x_wconf 85' lang='lat' dir='ltr'>Neque</span> <span class='ocrx_word' id='word_1_72' title='bbox 801 1173 917 1224; x_wconf 88' lang='lat' dir='ltr'>contra</span> <span class='ocrx_word' id='word_1_73' title='bbox 934 1204 946 1234; x_wconf 88' lang='lat'>,</span> <span class='ocrx_word' id='word_1_74' title='bbox 973 1151 1099 1241; x_wconf 84' lang='lat' dir='ltr'>Cujacii</span> <span class='ocrx_word' id='word_1_75' title='bbox 1115 1143 1308 1219; x_wconf 85' lang='lat' dir='ltr'>sententiam</span> <span class='ocrx_word' id='word_1_76' title='bbox 1325 1143 1508 1237; x_wconf 75' lang='lat' dir='ltr'>arnplellor</span> <span class='ocrx_word' id='word_1_77' title='bbox 1525 1187 1536 1220; x_wconf 61' lang='lat' dir='ltr'>a</span> <span class='ocrx_word' id='word_1_78' title='bbox 1561 1146 1620 1240; x_wconf 91' lang='lat' dir='ltr'>qui</span> <span class='ocrx_word' id='word_1_79' title='bbox 1634 1142 1788 1217; x_wconf 81' lang='lat' dir='ltr'>rationem</span> <span class='ocrx_word' id='word_1_80' title='bbox 1803 1151 1980 1218; x_wconf 75' lang='lat' dir='ltr'>naturalem</span> <span class='ocrx_word' id='word_1_81' title='bbox 2000 1144 2056 1218; x_wconf 87' lang='lat' dir='ltr'>bic</span> 
     </span>
     <span class='ocr_line' id='line_1_10' title="bbox 453 1243 2056 1352; baseline -0.011 -22"><span class='ocrx_word' id='word_1_82' title='bbox 453 1261 709 1352; x_wconf 80' lang='lat' dir='ltr'>interpretatur,</span> <span class='ocrx_word' id='word_1_83' title='bbox 735 1255 922 1348; x_wconf 82' lang='lat' dir='ltr'>aequitatem</span> <span class='ocrx_word' id='word_1_84' title='bbox 937 1245 1140 1320; x_wconf 85' lang='lat' dir='ltr'>naturalem:</span> <span class='ocrx_word' id='word_1_85' title='bbox 1166 1269 1245 1316; x_wconf 90' lang='lat' dir='ltr'>nam</span> <span class='ocrx_word' id='word_1_86' title='bbox 1259 1247 1331 1314; x_wconf 88' lang='lat' dir='ltr'>imo</span> <span class='ocrx_word' id='word_1_87' title='bbox 1345 1245 1380 1312; x_wconf 91' lang='lat' dir='ltr'>in</span> <span class='ocrx_word' id='word_1_88' title='bbox 1395 1244 1455 1313; x_wconf 85' lang='lat' dir='ltr'>hac</span> <span class='ocrx_word' id='word_1_89' title='bbox 1467 1249 1552 1341; x_wconf 83' lang='lat' dir='ltr'>Reg.</span> <span class='ocrx_word' id='word_1_90' title='bbox 1570 1244 1727 1316; x_wconf 74' lang='lat' dir='ltr'>naturalis</span> <span class='ocrx_word' id='word_1_91' title='bbox 1739 1243 1825 1315; x_wconf 86' lang='lat' dir='ltr'>ratio</span> <span class='ocrx_word' id='word_1_92' title='bbox 1839 1246 1983 1340; x_wconf 76' lang='lat' dir='ltr'>aequitati</span> <span class='ocrx_word' id='word_1_93' title='bbox 1993 1265 2056 1338; x_wconf 86' lang='lat' dir='ltr'>op·</span> 
     </span>
     <span class='ocr_line' id='line_1_11' title="bbox 453 1337 2057 1452; baseline -0.011 -25"><span class='ocrx_word' id='word_1_94' title='bbox 453 1361 611 1452; x_wconf 85' lang='lat' dir='ltr'>ponitur:</span> <span class='ocrx_word' id='word_1_95' title='bbox 638 1359 677 1426; x_wconf 87' lang='lat' dir='ltr'>Et</span> <span class='ocrx_word' id='word_1_96' title='bbox 688 1351 847 1426; x_wconf 80' lang='lat' dir='ltr'>naturalis</span> <span class='ocrx_word' id='word_1_97' title='bbox 860 1349 942 1420; x_wconf 85' lang='lat' dir='ltr'>tatio</span> <span class='ocrx_word' id='word_1_98' title='bbox 957 1345 1011 1419; x_wconf 86' lang='lat' dir='ltr'>bic</span> <span class='ocrx_word' id='word_1_99' title='bbox 1025 1347 1070 1418; x_wconf 88' lang='lat' dir='ltr'>est</span> <span class='ocrx_word' id='word_1_100' title='bbox 1082 1343 1236 1416; x_wconf 83' lang='lat' dir='ltr'>naturalis</span> <span class='ocrx_word' id='word_1_101' title='bbox 1249 1343 1477 1414; x_wconf 83' lang='lat' dir='ltr'>ratiocinatio.</span> <span class='ocrx_word' id='word_1_102' title='bbox 1505 1345 1605 1413; x_wconf 86' lang='lat' dir='ltr'>Utin</span> <span class='ocrx_word' id='word_1_103' title='bbox 1631 1341 1696 1414; x_wconf 89' lang='lat' dir='ltr'>hoc</span> <span class='ocrx_word' id='word_1_104' title='bbox 1717 1337 1791 1415; x_wconf 83' lang='lat' dir='ltr'>casu</span> <span class='ocrx_word' id='word_1_105' title='bbox 1809 1343 1874 1416; x_wconf 75' lang='lat' dir='ltr'>hee</span> <span class='ocrx_word' id='word_1_106' title='bbox 1900 1340 2057 1414; x_wconf 83' lang='lat' dir='ltr'>naturalis</span> 
     </span>
     <span class='ocr_line' id='line_1_12' title="bbox 456 1433 2118 1550; baseline -0.01 -24"><span class='ocrx_word' id='word_1_107' title='bbox 456 1459 562 1532; x_wconf 86' lang='lat' dir='ltr'>ratio,</span> <span class='ocrx_word' id='word_1_108' title='bbox 589 1453 684 1550; x_wconf 90' lang='lat' dir='ltr'>quod</span> <span class='ocrx_word' id='word_1_109' title='bbox 698 1449 846 1524; x_wconf 81' lang='lat' dir='ltr'>videlicet</span> <span class='ocrx_word' id='word_1_110' title='bbox 861 1448 1011 1520; x_wconf 70' lang='lat' dir='ltr'>bumana</span> <span class='ocrx_word' id='word_1_111' title='bbox 1025 1467 1152 1516; x_wconf 80' lang='lat' dir='ltr'>naturae·</span> <span class='ocrx_word' id='word_1_112' title='bbox 1162 1446 1211 1514; x_wconf 86' lang='lat' dir='ltr'>vis</span> <span class='ocrx_word' id='word_1_113' title='bbox 1225 1435 1387 1536; x_wconf 89' lang='lat' dir='ltr'>utriusque</span> <span class='ocrx_word' id='word_1_114' title='bbox 1397 1439 1542 1512; x_wconf 89' lang='lat' dir='ltr'>hominis</span> <span class='ocrx_word' id='word_1_115' title='bbox 1554 1433 1682 1512; x_wconf 79' lang='lat' dir='ltr'>sdertia</span> <span class='ocrx_word' id='word_1_116' title='bbox 1698 1465 1843 1538; x_wconf 83' lang='lat' dir='ltr'>curaque</span> <span class='ocrx_word' id='word_1_117' title='bbox 1857 1495 1867 1527; x_wconf 92' lang='lat'><strong>,</strong></span> <span class='ocrx_word' id='word_1_118' title='bbox 1893 1441 1934 1513; x_wconf 79' lang='lat' dir='ltr'>ad</span> <span class='ocrx_word' id='word_1_119' title='bbox 1947 1437 2057 1536; x_wconf 71' lang='lat' dir='ltr'>plures</span> <span class='ocrx_word' id='word_1_120' title='bbox 2114 1482 2118 1492; x_wconf 93' lang='lat'>·</span> 
     </span>
     <span class='ocr_line' id='line_1_13' title="bbox 454 1533 2127 1640; baseline -0.01 -15"><span class='ocrx_word' id='word_1_121' title='bbox 454 1551 549 1625; x_wconf 90' lang='lat' dir='ltr'>srmul</span> <span class='ocrx_word' id='word_1_122' title='bbox 565 1551 681 1624; x_wconf 83' lang='lat' dir='ltr'>tutelas</span> <span class='ocrx_word' id='word_1_123' title='bbox 696 1545 760 1622; x_wconf 90' lang='lat' dir='ltr'>sese</span> <span class='ocrx_word' id='word_1_124' title='bbox 774 1547 892 1619; x_wconf 85' lang='lat' dir='ltr'>eodem</span> <span class='ocrx_word' id='word_1_125' title='bbox 907 1571 1057 1640; x_wconf 89' lang='lat' dir='ltr'>tempore</span> <span class='ocrx_word' id='word_1_126' title='bbox 1070 1543 1226 1639; x_wconf 79' lang='lat' dir='ltr'>explicare</span> <span class='ocrx_word' id='word_1_127' title='bbox 1239 1539 1418 1612; x_wconf 87' lang='lat' dir='ltr'>commode</span> <span class='ocrx_word' id='word_1_128' title='bbox 1442 1535 1542 1635; x_wconf 90' lang='lat' dir='ltr'>pollit</span> <span class='ocrx_word' id='word_1_129' title='bbox 1556 1591 1579 1609; x_wconf 89' lang='lat'>..</span> <span class='ocrx_word' id='word_1_130' title='bbox 1593 1543 1672 1610; x_wconf 88' lang='lat' dir='ltr'>Hoc</span> <span class='ocrx_word' id='word_1_131' title='bbox 1691 1537 1816 1613; x_wconf 87' lang='lat' dir='ltr'>scilicet·</span> <span class='ocrx_word' id='word_1_132' title='bbox 1832 1536 1924 1612; x_wconf 88' lang='lat' dir='ltr'>sensu</span> <span class='ocrx_word' id='word_1_133' title='bbox 1939 1533 2058 1634; x_wconf 78' lang='lat' dir='ltr'>passura</span> <span class='ocrx_word' id='word_1_134' title='bbox 2124 1571 2127 1579; x_wconf 38' lang='lat' dir='ltr'>r</span> 
     </span>
     <span class='ocr_line' id='line_1_14' title="bbox 453 1633 2057 1746; baseline -0.009 -24"><span class='ocrx_word' id='word_1_135' title='bbox 453 1675 533 1724; x_wconf 92' lang='lat' dir='ltr'>toto</span> <span class='ocrx_word' id='word_1_136' title='bbox 545 1657 617 1746; x_wconf 83' lang='lat' dir='ltr'>jure</span> <span class='ocrx_word' id='word_1_137' title='bbox 631 1646 789 1722; x_wconf 82' lang='lat' dir='ltr'>naturalis</span> <span class='ocrx_word' id='word_1_138' title='bbox 803 1649 887 1718; x_wconf 86' lang='lat' dir='ltr'>ratio</span> <span class='ocrx_word' id='word_1_139' title='bbox 902 1642 1053 1718; x_wconf 87' lang='lat' dir='ltr'>effertur:</span> <span class='ocrx_word' id='word_1_140' title='bbox 1079 1649 1104 1714; x_wconf 87' lang='lat' dir='ltr'><strong>E</strong></span> <span class='ocrx_word' id='word_1_141' title='bbox 1117 1639 1229 1713; x_wconf 89' lang='lat' dir='ltr'>multis</span> <span class='ocrx_word' id='word_1_142' title='bbox 1238 1639 1305 1711; x_wconf 75' lang='lat' dir='ltr'>baec</span> <span class='ocrx_word' id='word_1_143' title='bbox 1320 1637 1424 1710; x_wconf 84' lang='lat' dir='ltr'>habe.</span> <span class='ocrx_word' id='word_1_144' title='bbox 1451 1645 1501 1710; x_wconf 90' lang='lat' dir='ltr'>Ita</span> <span class='ocrx_word' id='word_1_145' title='bbox 1516 1640 1624 1715; x_wconf 88' lang='lat' dir='ltr'>JCtus</span> <span class='ocrx_word' id='word_1_146' title='bbox 1635 1641 1670 1710; x_wconf 90' lang='lat' dir='ltr'>in</span> <span class='ocrx_word' id='word_1_147' title='bbox 1686 1646 1710 1714; x_wconf 84' lang='lat' dir='ltr'>l.</span> <span class='ocrx_word' id='word_1_148' title='bbox 1722 1643 1842 1728; x_wconf 84' lang='lat' dir='ltr'>adee7.</span> <span class='ocrx_word' id='word_1_149' title='bbox 1858 1645 1972 1720; x_wconf 81' lang='lat' dir='ltr'>§.curta</span> <span class='ocrx_word' id='word_1_150' title='bbox 1983 1633 2057 1735; x_wconf 80' lang='lat' dir='ltr'>quit</span> 
     </span>
     <span class='ocr_line' id='line_1_15' title="bbox 454 1737 2056 1848; baseline -0.011 -24"><span class='ocrx_word' id='word_1_151' title='bbox 454 1779 490 1842; x_wconf 89' lang='lat'>7.</span> <span class='ocrx_word' id='word_1_152' title='bbox 510 1761 554 1824; x_wconf 91' lang='lat' dir='ltr'>D.</span> <span class='ocrx_word' id='word_1_153' title='bbox 567 1751 611 1822; x_wconf 70' lang='lat' dir='ltr'>de</span> <span class='ocrx_word' id='word_1_154' title='bbox 619 1749 750 1848; x_wconf 81' lang='lat' dir='ltr'>adquit.</span> <span class='ocrx_word' id='word_1_155' title='bbox 765 1775 827 1820; x_wconf 89' lang='lat' dir='ltr'>ret.</span> <span class='ocrx_word' id='word_1_156' title='bbox 842 1747 924 1817; x_wconf 83' lang='lat' dir='ltr'>dom.</span> <span class='ocrx_word' id='word_1_157' title='bbox 940 1743 1074 1817; x_wconf 74' lang='lat' dir='ltr'>Solimo</span> <span class='ocrx_word' id='word_1_158' title='bbox 1086 1753 1125 1826; x_wconf 67' lang='lat' dir='ltr'>cp·</span> <span class='ocrx_word' id='word_1_159' title='bbox 1137 1743 1251 1834; x_wconf 76' lang='lat' dir='ltr'>Gaffiot</span> <span class='ocrx_word' id='word_1_160' title='bbox 1263 1737 1366 1840; x_wconf 79' lang='lat' dir='ltr'>magis</span> <span class='ocrx_word' id='word_1_161' title='bbox 1376 1743 1555 1810; x_wconf 74' lang='lat' dir='ltr'>naturalem</span> <span class='ocrx_word' id='word_1_162' title='bbox 1569 1737 1723 1812; x_wconf 82' lang='lat' dir='ltr'>rationem</span> <span class='ocrx_word' id='word_1_163' title='bbox 1737 1743 1979 1844; x_wconf 79' lang='lat' dir='ltr'>efficere&#39;pntatet</span> <span class='ocrx_word' id='word_1_164' title='bbox 1990 1789 2004 1820; x_wconf 89' lang='lat'>,</span> <span class='ocrx_word' id='word_1_165' title='bbox 2017 1759 2056 1808; x_wconf 87' lang='lat' dir='ltr'>tat</span> 
     </span>
     <span class='ocr_line' id='line_1_16' title="bbox 451 1835 2056 1950; baseline -0.011 -28"><span class='ocrx_word' id='word_1_166' title='bbox 451 1849 514 1950; x_wconf 78' lang='lat' dir='ltr'>qni</span> <span class='ocrx_word' id='word_1_167' title='bbox 525 1847 671 1922; x_wconf 79' lang='lat' dir='ltr'>dontinus</span> <span class='ocrx_word' id='word_1_168' title='bbox 684 1847 817 1920; x_wconf 70' lang='lat' dir='ltr'>maenia</span> <span class='ocrx_word' id='word_1_169' title='bbox 828 1845 959 1938; x_wconf 78' lang='lat' dir='ltr'>fuerit,</span> <span class='ocrx_word' id='word_1_170' title='bbox 985 1842 1070 1914; x_wconf 79' lang='lat' dir='ltr'>idem</span> <span class='ocrx_word' id='word_1_171' title='bbox 1090 1869 1213 1940; x_wconf 78' lang='lat' dir='ltr'>qnoque</span> <span class='ocrx_word' id='word_1_172' title='bbox 1225 1844 1293 1930; x_wconf 68' lang='lat' dir='ltr'>ejus</span> <span class='ocrx_word' id='word_1_173' title='bbox 1313 1839 1399 1936; x_wconf 78' lang='lat' dir='ltr'>qnod</span> <span class='ocrx_word' id='word_1_174' title='bbox 1417 1864 1504 1909; x_wconf 86' lang='lat' dir='ltr'>exea</span> <span class='ocrx_word' id='word_1_175' title='bbox 1518 1836 1654 1910; x_wconf 75' lang='lat' dir='ltr'>materia</span> <span class='ocrx_word' id='word_1_176' title='bbox 1670 1843 1798 1934; x_wconf 60' lang='lat' dir='ltr'>fa‘lutrt</span> <span class='ocrx_word' id='word_1_177' title='bbox 1813 1844 1883 1934; x_wconf 67' lang='lat' dir='ltr'>fit.</span> <span class='ocrx_word' id='word_1_178' title='bbox 1907 1835 2056 1910; x_wconf 63' lang='lat' dir='ltr'>Mnus</span> 
     </span>
     <span class='ocr_line' id='line_1_17' title="bbox 449 1932 2056 2045; baseline -0.011 -23"><span class='ocrx_word' id='word_1_179' title='bbox 449 1950 537 2045; x_wconf 83' lang='lat' dir='ltr'>effet.</span> <span class='ocrx_word' id='word_1_180' title='bbox 561 1955 612 2020; x_wconf 88' lang='lat' dir='ltr'>Ita</span> <span class='ocrx_word' id='word_1_181' title='bbox 626 1953 649 2022; x_wconf 93' lang='lat' dir='ltr'>l.</span> <span class='ocrx_word' id='word_1_182' title='bbox 669 1975 700 2020; x_wconf 88' lang='lat'>2.</span> <span class='ocrx_word' id='word_1_183' title='bbox 718 1955 764 2020; x_wconf 97' lang='lat' dir='ltr'>D.</span> <span class='ocrx_word' id='word_1_184' title='bbox 780 1947 818 2017; x_wconf 83' lang='lat' dir='ltr'>de</span> <span class='ocrx_word' id='word_1_185' title='bbox 829 1947 931 2038; x_wconf 78' lang='lat' dir='ltr'>usttsr.</span> <span class='ocrx_word' id='word_1_186' title='bbox 948 1950 1058 2014; x_wconf 77' lang='lat' dir='ltr'>taratra</span> <span class='ocrx_word' id='word_1_187' title='bbox 1071 1968 1132 2015; x_wconf 86' lang='lat' dir='ltr'>ret.</span> <span class='ocrx_word' id='word_1_188' title='bbox 1146 1968 1207 2038; x_wconf 73' lang='lat' dir='ltr'>qao</span> <span class='ocrx_word' id='word_1_189' title='bbox 1224 1937 1492 2027; x_wconf 79' lang='lat' dir='ltr'>Senatasconfitlto</span> <span class='ocrx_word' id='word_1_190' title='bbox 1508 1965 1570 2009; x_wconf 87' lang='lat' dir='ltr'>non</span> <span class='ocrx_word' id='word_1_191' title='bbox 1581 1935 1618 2010; x_wconf 84' lang='lat' dir='ltr'>id</span> <span class='ocrx_word' id='word_1_192' title='bbox 1628 1935 1764 2030; x_wconf 72' lang='lat' dir='ltr'>effluam</span> <span class='ocrx_word' id='word_1_193' title='bbox 1777 1939 1839 2033; x_wconf 78' lang='lat' dir='ltr'>est,</span> <span class='ocrx_word' id='word_1_194' title='bbox 1866 1961 1905 2010; x_wconf 80' lang='lat' dir='ltr'>ut</span> <span class='ocrx_word' id='word_1_195' title='bbox 1915 1932 2056 2041; x_wconf 76' lang='lat' dir='ltr'>pecunia</span> 
     </span>
     <span class='ocr_line' id='line_1_18' title="bbox 450 2035 2054 2153; baseline -0.009 -31"><span class='ocrx_word' id='word_1_196' title='bbox 450 2049 647 2144; x_wconf 64' lang='lat' dir='ltr'>ufierfreeens</span> <span class='ocrx_word' id='word_1_197' title='bbox 656 2048 782 2153; x_wconf 84' lang='lat' dir='ltr'>proprie</span> <span class='ocrx_word' id='word_1_198' title='bbox 796 2045 884 2138; x_wconf 72' lang='lat' dir='ltr'>effer:</span> <span class='ocrx_word' id='word_1_199' title='bbox 901 2071 957 2115; x_wconf 87' lang='lat' dir='ltr'>etet</span> <span class='ocrx_word' id='word_1_200' title='bbox 978 2035 1062 2115; x_wconf 80' lang='lat' dir='ltr'>enim</span> <span class='ocrx_word' id='word_1_201' title='bbox 1076 2037 1232 2112; x_wconf 79' lang='lat' dir='ltr'>naturalis</span> <span class='ocrx_word' id='word_1_202' title='bbox 1244 2037 1327 2108; x_wconf 86' lang='lat' dir='ltr'>ratio</span> <span class='ocrx_word' id='word_1_203' title='bbox 1342 2035 1529 2110; x_wconf 69' lang='lat' dir='ltr'>attiloritate</span> <span class='ocrx_word' id='word_1_204' title='bbox 1546 2048 1680 2111; x_wconf 67' lang='lat' dir='ltr'>&amp;uirtus</span> <span class='ocrx_word' id='word_1_205' title='bbox 1708 2039 1899 2112; x_wconf 72' lang='lat' dir='ltr'>commutari</span> <span class='ocrx_word' id='word_1_206' title='bbox 1919 2035 2025 2142; x_wconf 81' lang='lat' dir='ltr'>poterit</span> <span class='ocrx_word' id='word_1_207' title='bbox 2040 2085 2054 2120; x_wconf 88' lang='lat'>,</span> 
     </span>
     <span class='ocr_line' id='line_1_19' title="bbox 441 2133 2054 2248; baseline -0.007 -28"><span class='ocrx_word' id='word_1_208' title='bbox 441 2151 504 2240; x_wconf 86' lang='lat' dir='ltr'>sed</span> <span class='ocrx_word' id='word_1_209' title='bbox 515 2150 650 2221; x_wconf 84' lang='lat' dir='ltr'>remedio</span> <span class='ocrx_word' id='word_1_210' title='bbox 664 2145 839 2220; x_wconf 72' lang='lat' dir='ltr'>introdullo</span> <span class='ocrx_word' id='word_1_211' title='bbox 851 2143 942 2248; x_wconf 79' lang='lat' dir='ltr'>erepit</span> <span class='ocrx_word' id='word_1_212' title='bbox 954 2144 1044 2242; x_wconf 72' lang='lat' dir='ltr'>quast</span> <span class='ocrx_word' id='word_1_213' title='bbox 1053 2141 1248 2234; x_wconf 77' lang='lat' dir='ltr'>usnsfittslttt</span> <span class='ocrx_word' id='word_1_214' title='bbox 1258 2135 1365 2210; x_wconf 74' lang='lat' dir='ltr'>haberi</span> <span class='ocrx_word' id='word_1_215' title='bbox 1382 2189 1390 2208; x_wconf 89' lang='lat'>.</span> <span class='ocrx_word' id='word_1_216' title='bbox 1417 2133 1642 2231; x_wconf 81' lang='lat' dir='ltr'>improbanda</span> <span class='ocrx_word' id='word_1_217' title='bbox 1654 2140 1753 2212; x_wconf 80' lang='lat' dir='ltr'>etiam</span> <span class='ocrx_word' id='word_1_218' title='bbox 1768 2137 1910 2214; x_wconf 90' lang='lat' dir='ltr'>Roberti</span> <span class='ocrx_word' id='word_1_219' title='bbox 1925 2135 2054 2210; x_wconf 87' lang='lat' dir='ltr'>senten·</span> 
     </span>
     <span class='ocr_line' id='line_1_20' title="bbox 452 2236 2052 2344; baseline -0.006 -24"><span class='ocrx_word' id='word_1_220' title='bbox 452 2249 497 2320; x_wconf 84' lang='lat' dir='ltr'>tia</span> <span class='ocrx_word' id='word_1_221' title='bbox 512 2300 524 2332; x_wconf 89' lang='lat'><strong><em>,</em></strong></span> <span class='ocrx_word' id='word_1_222' title='bbox 551 2251 610 2344; x_wconf 87' lang='lat' dir='ltr'>qui</span> <span class='ocrx_word' id='word_1_223' title='bbox 625 2247 713 2320; x_wconf 90' lang='lat' dir='ltr'>hune</span> <span class='ocrx_word' id='word_1_224' title='bbox 729 2245 842 2318; x_wconf 89' lang='lat' dir='ltr'>locum</span> <span class='ocrx_word' id='word_1_225' title='bbox 856 2248 901 2316; x_wconf 90' lang='lat' dir='ltr'>ita</span> <span class='ocrx_word' id='word_1_226' title='bbox 914 2238 1188 2340; x_wconf 82' lang='lat' dir='ltr'>interpungebat:</span> <span class='ocrx_word' id='word_1_227' title='bbox 1212 2236 1372 2342; x_wconf 72' lang='lat' dir='ltr'>Quotiens</span> <span class='ocrx_word' id='word_1_228' title='bbox 1385 2237 1559 2334; x_wconf 67' lang='lat' dir='ltr'>equitatem</span> <span class='ocrx_word' id='word_1_229' title='bbox 1576 2239 1718 2333; x_wconf 80' lang='lat' dir='ltr'>defiderii</span> <span class='ocrx_word' id='word_1_230' title='bbox 1732 2292 1744 2324; x_wconf 92' lang='lat'><strong><em>,</em></strong></span> <span class='ocrx_word' id='word_1_231' title='bbox 1770 2236 1927 2312; x_wconf 79' lang='lat' dir='ltr'>naturalis</span> <span class='ocrx_word' id='word_1_232' title='bbox 1941 2238 2023 2310; x_wconf 81' lang='lat' dir='ltr'>ratio</span> <span class='ocrx_word' id='word_1_233' title='bbox 2041 2270 2052 2312; x_wconf 93' lang='grc'><strong><em>.·</em></strong></span> 
     </span>
     <span class='ocr_line' id='line_1_21' title="bbox 450 2331 2053 2438; baseline -0.007 -19"><span class='ocrx_word' id='word_1_234' title='bbox 450 2371 595 2419; x_wconf 82' lang='lat' dir='ltr'>moratat</span> <span class='ocrx_word' id='word_1_235' title='bbox 607 2345 685 2418; x_wconf 82' lang='lat' dir='ltr'>item</span> <span class='ocrx_word' id='word_1_236' title='bbox 698 2341 974 2434; x_wconf 76' lang='lat' dir='ltr'>dubitatiojtttit.</span> <span class='ocrx_word' id='word_1_237' title='bbox 1003 2339 1057 2411; x_wconf 82' lang='lat' dir='ltr'>Ad</span> <span class='ocrx_word' id='word_1_238' title='bbox 1073 2365 1160 2411; x_wconf 88' lang='lat' dir='ltr'>reru:</span> <span class='ocrx_word' id='word_1_239' title='bbox 1179 2345 1218 2410; x_wconf 89' lang='lat' dir='ltr'>ln</span> <span class='ocrx_word' id='word_1_240' title='bbox 1233 2331 1308 2410; x_wconf 88' lang='lat' dir='ltr'>casu</span> <span class='ocrx_word' id='word_1_241' title='bbox 1318 2339 1419 2436; x_wconf 82' lang='lat' dir='ltr'>igitur</span> <span class='ocrx_word' id='word_1_242' title='bbox 1432 2334 1605 2434; x_wconf 79' lang='lat' dir='ltr'>proposito</span> <span class='ocrx_word' id='word_1_243' title='bbox 1619 2342 1806 2438; x_wconf 82' lang='lat' dir='ltr'>equitatem</span> <span class='ocrx_word' id='word_1_244' title='bbox 1819 2334 1964 2411; x_wconf 81' lang='lat' dir='ltr'>desiderii</span> <span class='ocrx_word' id='word_1_245' title='bbox 1976 2363 2053 2409; x_wconf 89' lang='lat' dir='ltr'>mo-</span> 
     </span>
     <span class='ocr_line' id='line_1_22' title="bbox 453 2435 2055 2542; baseline -0.005 -26"><span class='ocrx_word' id='word_1_246' title='bbox 453 2443 585 2518; x_wconf 86' lang='lat' dir='ltr'>rabatut</span> <span class='ocrx_word' id='word_1_247' title='bbox 598 2446 709 2542; x_wconf 90' lang='lat' dir='ltr'>primo</span> <span class='ocrx_word' id='word_1_248' title='bbox 724 2447 809 2516; x_wconf 91' lang='lat' dir='ltr'>ratio</span> <span class='ocrx_word' id='word_1_249' title='bbox 824 2439 999 2514; x_wconf 81' lang='lat' dir='ltr'>naturalis.</span> <span class='ocrx_word' id='word_1_250' title='bbox 1026 2437 1178 2512; x_wconf 89' lang='lat' dir='ltr'>Secundo</span> <span class='ocrx_word' id='word_1_251' title='bbox 1193 2435 1382 2510; x_wconf 81' lang='lat' dir='ltr'>morabatur</span> <span class='ocrx_word' id='word_1_252' title='bbox 1399 2437 1557 2510; x_wconf 78' lang='lat' dir='ltr'>dubitatio</span> <span class='ocrx_word' id='word_1_253' title='bbox 1564 2435 1669 2530; x_wconf 81' lang='lat' dir='ltr'>juris,</span> <span class='ocrx_word' id='word_1_254' title='bbox 1681 2437 1716 2510; x_wconf 92' lang='lat' dir='ltr'>id</span> <span class='ocrx_word' id='word_1_255' title='bbox 1726 2438 1772 2510; x_wconf 92' lang='lat' dir='ltr'>est</span> <span class='ocrx_word' id='word_1_256' title='bbox 1784 2436 2055 2528; x_wconf 81' lang='lat' dir='ltr'>dubiumexjttte</span> 
     </span>
     <span class='ocr_line' id='line_1_23' title="bbox 448 2533 2053 2650; baseline -0.002 -34"><span class='ocrx_word' id='word_1_257' title='bbox 448 2543 651 2650; x_wconf 70' lang='lat' dir='ltr'>apmffm,</span> <span class='ocrx_word' id='word_1_258' title='bbox 662 2545 741 2641; x_wconf 88' lang='lat' dir='ltr'>quia</span> <span class='ocrx_word' id='word_1_259' title='bbox 755 2539 907 2615; x_wconf 85' lang='lat' dir='ltr'>videlicet</span> <span class='ocrx_word' id='word_1_260' title='bbox 920 2569 1005 2632; x_wconf 79' lang='lat' dir='ltr'>perot</span> <span class='ocrx_word' id='word_1_261' title='bbox 1020 2540 1154 2644; x_wconf 81' lang='lat' dir='ltr'>expreffe</span> <span class='ocrx_word' id='word_1_262' title='bbox 1167 2546 1205 2610; x_wconf 80' lang='lat' dir='ltr'>dc</span> <span class='ocrx_word' id='word_1_263' title='bbox 1215 2541 1411 2634; x_wconf 79' lang='lat' dir='ltr'>nunotpatis</span> <span class='ocrx_word' id='word_1_264' title='bbox 1425 2537 1534 2610; x_wconf 85' lang='lat' dir='ltr'>verbis</span> <span class='ocrx_word' id='word_1_265' title='bbox 1556 2559 1621 2608; x_wconf 88' lang='lat' dir='ltr'>tres</span> <span class='ocrx_word' id='word_1_266' title='bbox 1638 2537 1748 2610; x_wconf 76' lang='lat' dir='ltr'>tutele</span> <span class='ocrx_word' id='word_1_267' title='bbox 1758 2533 1998 2612; x_wconf 83' lang='lat' dir='ltr'>excusationem</span> <span class='ocrx_word' id='word_1_268' title='bbox 2011 2534 2053 2612; x_wconf 89' lang='lat' dir='ltr'>de</span> 
     </span>
     <span class='ocr_line' id='line_1_24' title="bbox 448 2635 2054 2744; baseline -0.006 -28"><span class='ocrx_word' id='word_1_269' title='bbox 448 2648 522 2738; x_wconf 89' lang='lat' dir='ltr'>jure</span> <span class='ocrx_word' id='word_1_270' title='bbox 534 2644 697 2740; x_wconf 74' lang='lat' dir='ltr'>prestant:</span> <span class='ocrx_word' id='word_1_271' title='bbox 713 2665 751 2714; x_wconf 96' lang='lat' dir='ltr'>ut</span> <span class='ocrx_word' id='word_1_272' title='bbox 767 2639 907 2740; x_wconf 86' lang='lat' dir='ltr'>proinde</span> <span class='ocrx_word' id='word_1_273' title='bbox 919 2645 982 2736; x_wconf 87' lang='lat' dir='ltr'>juri</span> <span class='ocrx_word' id='word_1_274' title='bbox 996 2637 1145 2712; x_wconf 86' lang='lat' dir='ltr'>standum</span> <span class='ocrx_word' id='word_1_275' title='bbox 1163 2639 1323 2716; x_wconf 75' lang='lat' dir='ltr'>videatur.</span> <span class='ocrx_word' id='word_1_276' title='bbox 1338 2643 1425 2730; x_wconf 83' lang='lat' dir='ltr'>juxta</span> <span class='ocrx_word' id='word_1_277' title='bbox 1438 2637 1626 2710; x_wconf 64' lang='lat' dir='ltr'>doctarum</span> <span class='ocrx_word' id='word_1_278' title='bbox 1644 2643 1668 2710; x_wconf 82' lang='lat' dir='ltr'>l.</span> <span class='ocrx_word' id='word_1_279' title='bbox 1681 2638 1856 2744; x_wconf 81' lang='lat' dir='ltr'>prospexit,</span> <span class='ocrx_word' id='word_1_280' title='bbox 1876 2646 1920 2710; x_wconf 90' lang='lat' dir='ltr'>D.</span> <span class='ocrx_word' id='word_1_281' title='bbox 1935 2635 1994 2734; x_wconf 80' lang='lat' dir='ltr'>qui</span> <span class='ocrx_word' id='word_1_282' title='bbox 2012 2649 2054 2722; x_wconf 67' lang='lat'>&amp;¹</span> 
     </span>
    </p>
   </div>
   <div class='ocr_carea' id='block_1_4' title="bbox 314 2733 2054 2842">
    <p class='ocr_par' dir='ltr' id='par_1_4' title="bbox 314 2733 2054 2842">
     <span class='ocr_line' id='line_1_25' title="bbox 314 2733 2054 2842; baseline -0.002 -29"><span class='ocrx_word' id='word_1_283' title='bbox 314 2815 318 2822; x_wconf 80' lang='grc'>,</span> <span class='ocrx_word' id='word_1_284' title='bbox 451 2770 473 2813; x_wconf 85' lang='lat' dir='ltr'>a</span> <span class='ocrx_word' id='word_1_285' title='bbox 487 2743 575 2842; x_wconf 73' lang='lat' dir='ltr'>quib.</span> <span class='ocrx_word' id='word_1_286' title='bbox 605 2769 751 2815; x_wconf 73' lang='lat' dir='ltr'>mam.</span> <span class='ocrx_word' id='word_1_287' title='bbox 777 2739 858 2814; x_wconf 83' lang='lat' dir='ltr'>item</span> <span class='ocrx_word' id='word_1_288' title='bbox 869 2747 957 2836; x_wconf 85' lang='lat' dir='ltr'>juxta</span> <span class='ocrx_word' id='word_1_289' title='bbox 972 2746 994 2814; x_wconf 85' lang='lat' dir='ltr'>l.</span> <span class='ocrx_word' id='word_1_290' title='bbox 1017 2767 1049 2811; x_wconf 91' lang='lat' dir='ltr'>r.</span> <span class='ocrx_word' id='word_1_291' title='bbox 1067 2741 1140 2813; x_wconf 83' lang='lat' dir='ltr'>Cod.</span> <span class='ocrx_word' id='word_1_292' title='bbox 1158 2739 1199 2810; x_wconf 81' lang='lat' dir='ltr'>de</span> <span class='ocrx_word' id='word_1_293' title='bbox 1211 2746 1287 2812; x_wconf 87' lang='lat' dir='ltr'>LL.</span> <span class='ocrx_word' id='word_1_294' title='bbox 1301 2739 1350 2809; x_wconf 88' lang='lat' dir='ltr'>uti</span> <span class='ocrx_word' id='word_1_295' title='bbox 1363 2743 1427 2830; x_wconf 88' lang='lat' dir='ltr'>jarn</span> <span class='ocrx_word' id='word_1_296' title='bbox 1441 2734 1537 2830; x_wconf 83' lang='lat' dir='ltr'>judex</span> <span class='ocrx_word' id='word_1_297' title='bbox 1551 2733 1604 2808; x_wconf 92' lang='lat' dir='ltr'>hic</span> <span class='ocrx_word' id='word_1_298' title='bbox 1618 2737 1725 2810; x_wconf 88' lang='lat' dir='ltr'>dicere</span> <span class='ocrx_word' id='word_1_299' title='bbox 1735 2733 1855 2812; x_wconf 78' lang='lat' dir='ltr'>necessi:</span> <span class='ocrx_word' id='word_1_300' title='bbox 1871 2735 1987 2808; x_wconf 90' lang='lat' dir='ltr'>habere</span> <span class='ocrx_word' id='word_1_301' title='bbox 2002 2741 2054 2810; x_wconf 88' lang='lat' dir='ltr'>vi-</span> 
     </span>
    </p>
   </div>
   <div class='ocr_carea' id='block_1_5' title="bbox 442 2831 2092 3044">
    <p class='ocr_par' dir='ltr' id='par_1_5' title="bbox 442 2831 2092 3044">
     <span class='ocr_line' id='line_1_26' title="bbox 447 2831 2092 2947; baseline -0.002 -34"><span class='ocrx_word' id='word_1_302' title='bbox 447 2839 587 2913; x_wconf 87' lang='lat' dir='ltr'>deatur:</span> <span class='ocrx_word' id='word_1_303' title='bbox 616 2841 714 2914; x_wconf 75' lang='lat' dir='ltr'>Video</span> <span class='ocrx_word' id='word_1_304' title='bbox 728 2840 859 2914; x_wconf 76' lang='lat' dir='ltr'>meliora</span> <span class='ocrx_word' id='word_1_305' title='bbox 874 2895 887 2928; x_wconf 89' lang='lat'>,</span> <span class='ocrx_word' id='word_1_306' title='bbox 909 2840 1065 2947; x_wconf 78' lang='lat' dir='ltr'>proboque</span> <span class='ocrx_word' id='word_1_307' title='bbox 1079 2887 1089 2918; x_wconf 66' lang='lat' dir='ltr'>a</span> <span class='ocrx_word' id='word_1_308' title='bbox 1116 2837 1284 2914; x_wconf 87' lang='lat' dir='ltr'>Deteriora</span> <span class='ocrx_word' id='word_1_309' title='bbox 1292 2831 1386 2936; x_wconf 72' lang='lat' dir='ltr'>siqui</span> <span class='ocrx_word' id='word_1_310' title='bbox 1400 2834 1509 2931; x_wconf 79' lang='lat' dir='ltr'>neeeffe</span> <span class='ocrx_word' id='word_1_311' title='bbox 1523 2835 1584 2930; x_wconf 72' lang='lat' dir='ltr'>esi:</span> <span class='ocrx_word' id='word_1_312' title='bbox 1610 2845 1684 2914; x_wconf 80' lang='lat' dir='ltr'>Lex</span> <span class='ocrx_word' id='word_1_313' title='bbox 1698 2841 1781 2912; x_wconf 79' lang='lat' dir='ltr'>data</span> <span class='ocrx_word' id='word_1_314' title='bbox 1796 2893 1807 2925; x_wconf 89' lang='lat'>,</span> <span class='ocrx_word' id='word_1_315' title='bbox 1827 2837 1885 2930; x_wconf 82' lang='lat' dir='ltr'>sed</span> <span class='ocrx_word' id='word_1_316' title='bbox 1901 2837 1950 2910; x_wconf 83' lang='lat' dir='ltr'>ita</span> <span class='ocrx_word' id='word_1_317' title='bbox 1963 2835 2052 2928; x_wconf 91' lang='lat' dir='ltr'>scri-</span> <span class='ocrx_word' id='word_1_318' title='bbox 2089 2885 2092 2892; x_wconf 90' lang='lat'>·</span> 
     </span>
     <span class='ocr_line' id='line_1_27' title="bbox 442 2933 2051 3044; baseline 0 -34"><span class='ocrx_word' id='word_1_319' title='bbox 442 2963 502 3044; x_wconf 87' lang='lat' dir='ltr'>pta</span> <span class='ocrx_word' id='word_1_320' title='bbox 515 2968 524 3012; x_wconf 83' lang='lat' dir='ltr'>e</span> <span class='ocrx_word' id='word_1_321' title='bbox 550 2944 723 3040; x_wconf 88' lang='lat' dir='ltr'>Denique,</span> <span class='ocrx_word' id='word_1_322' title='bbox 751 2967 822 3014; x_wconf 90' lang='lat' dir='ltr'>nou</span> <span class='ocrx_word' id='word_1_323' title='bbox 832 2939 1027 3042; x_wconf 83' lang='lat' dir='ltr'>magnitudo</span> <span class='ocrx_word' id='word_1_324' title='bbox 1042 2943 1233 3037; x_wconf 87' lang='lat' dir='ltr'>patrimonii</span> <span class='ocrx_word' id='word_1_325' title='bbox 1248 2963 1305 3012; x_wconf 89' lang='lat' dir='ltr'>aut</span> <span class='ocrx_word' id='word_1_326' title='bbox 1321 2941 1428 3012; x_wconf 84' lang='lat' dir='ltr'>oneris</span> <span class='ocrx_word' id='word_1_327' title='bbox 1443 2941 1608 3038; x_wconf 81' lang='lat' dir='ltr'>gravitas,</span> <span class='ocrx_word' id='word_1_328' title='bbox 1635 2933 1690 3012; x_wconf 90' lang='lat' dir='ltr'>sed</span> <span class='ocrx_word' id='word_1_329' title='bbox 1703 2964 1858 3012; x_wconf 89' lang='lat' dir='ltr'>numerus</span> <span class='ocrx_word' id='word_1_330' title='bbox 1876 2937 2051 3010; x_wconf 88' lang='lat' dir='ltr'>tutelarum</span> 
     </span>
    </p>
   </div>
   <div class='ocr_carea' id='block_1_6' title="bbox 444 3034 2202 3151">
    <p class='ocr_par' dir='ltr' id='par_1_6' title="bbox 444 3034 2202 3151">
     <span class='ocr_line' id='line_1_28' title="bbox 444 3034 2202 3151; baseline -0.001 -41"><span class='ocrx_word' id='word_1_331' title='bbox 444 3034 642 3136; x_wconf 73' lang='lat' dir='ltr'>spestandus</span> <span class='ocrx_word' id='word_1_332' title='bbox 654 3041 709 3112; x_wconf 88' lang='lat' dir='ltr'>bic</span> <span class='ocrx_word' id='word_1_333' title='bbox 721 3039 879 3113; x_wconf 80' lang='lat' dir='ltr'>videatur.</span> <span class='ocrx_word' id='word_1_334' title='bbox 894 3041 973 3114; x_wconf 77' lang='lat' dir='ltr'>Haec</span> <span class='ocrx_word' id='word_1_335' title='bbox 985 3041 1142 3112; x_wconf 74' lang='lat' dir='ltr'>dubitatio</span> <span class='ocrx_word' id='word_1_336' title='bbox 1152 3040 1244 3130; x_wconf 78' lang='lat' dir='ltr'>juris</span> <span class='ocrx_word' id='word_1_337' title='bbox 1258 3041 1316 3113; x_wconf 85' lang='lat' dir='ltr'>est.</span> <span class='ocrx_word' id='word_1_338' title='bbox 1331 3045 1372 3112; x_wconf 85' lang='lat' dir='ltr'>Et</span> <span class='ocrx_word' id='word_1_339' title='bbox 1387 3037 1601 3110; x_wconf 82' lang='lat' dir='ltr'>nihilominus</span> <span class='ocrx_word' id='word_1_340' title='bbox 1616 3061 1725 3112; x_wconf 87' lang='lat' dir='ltr'>tamen</span> <span class='ocrx_word' id='word_1_341' title='bbox 1740 3038 1916 3124; x_wconf 80' lang='lat' dir='ltr'>Paulus,in</span> <span class='ocrx_word' id='word_1_342' title='bbox 1931 3038 2050 3151; x_wconf 49' lang='lat' dir='ltr'>depr.</span> <span class='ocrx_word' id='word_1_343' title='bbox 2117 3127 2121 3138; x_wconf 33' lang='grc' dir='ltr'>Ι</span> <span class='ocrx_word' id='word_1_344' title='bbox 2188 3046 2202 3060; x_wconf 71' lang='grc'><em>”</em></span> 
     </span>
    </p>
   </div>
   <div class='ocr_carea' id='block_1_7' title="bbox 424 3133 2112 4999">
    <p class='ocr_par' dir='ltr' id='par_1_7' title="bbox 424 3133 2112 4999">
     <span class='ocr_line' id='line_1_29' title="bbox 446 3133 2053 3237; baseline 0 -27"><span class='ocrx_word' id='word_1_345' title='bbox 446 3143 537 3217; x_wconf 69' lang='lat' dir='ltr'>§.tale</span> <span class='ocrx_word' id='word_1_346' title='bbox 550 3139 669 3237; x_wconf 79' lang='lat' dir='ltr'>definit,</span> <span class='ocrx_word' id='word_1_347' title='bbox 680 3163 796 3236; x_wconf 85' lang='lat' dir='ltr'>putare</span> <span class='ocrx_word' id='word_1_348' title='bbox 810 3135 841 3212; x_wconf 91' lang='lat' dir='ltr'>se</span> <span class='ocrx_word' id='word_1_349' title='bbox 857 3145 935 3213; x_wconf 72' lang='lat' dir='ltr'>telle</span> <span class='ocrx_word' id='word_1_350' title='bbox 950 3139 1115 3213; x_wconf 72' lang='lat' dir='ltr'>saliorum</span> <span class='ocrx_word' id='word_1_351' title='bbox 1133 3137 1356 3220; x_wconf 68' lang='lat' dir='ltr'>Praetoremsr</span> <span class='ocrx_word' id='word_1_352' title='bbox 1373 3139 1475 3211; x_wconf 86' lang='lat' dir='ltr'>etiam</span> <span class='ocrx_word' id='word_1_353' title='bbox 1488 3163 1590 3210; x_wconf 86' lang='lat' dir='ltr'>unam</span> <span class='ocrx_word' id='word_1_354' title='bbox 1601 3138 1738 3213; x_wconf 87' lang='lat' dir='ltr'>tutelam</span> <span class='ocrx_word' id='word_1_355' title='bbox 1749 3133 1895 3212; x_wconf 82' lang='lat' dir='ltr'>sufficere</span> <span class='ocrx_word' id='word_1_356' title='bbox 1907 3136 2053 3228; x_wconf 80' lang='lat' dir='ltr'>crodide-</span> 
     </span>
     <span class='ocr_line' id='line_1_30' title="bbox 445 3232 2053 3340; baseline -0.001 -31"><span class='ocrx_word' id='word_1_357' title='bbox 445 3236 537 3325; x_wconf 84' lang='lat' dir='ltr'>rit,li</span> <span class='ocrx_word' id='word_1_358' title='bbox 553 3263 622 3312; x_wconf 88' lang='lat' dir='ltr'>tarn</span> <span class='ocrx_word' id='word_1_359' title='bbox 636 3235 799 3313; x_wconf 85' lang='lat' dir='ltr'>diffusa&amp;</span> <span class='ocrx_word' id='word_1_360' title='bbox 812 3235 983 3340; x_wconf 86' lang='lat' dir='ltr'>negotiosa</span> <span class='ocrx_word' id='word_1_361' title='bbox 992 3237 1043 3322; x_wconf 83' lang='lat' dir='ltr'>stt,</span> <span class='ocrx_word' id='word_1_362' title='bbox 1053 3257 1091 3306; x_wconf 91' lang='lat' dir='ltr'>ut</span> <span class='ocrx_word' id='word_1_363' title='bbox 1105 3239 1323 3334; x_wconf 78' lang='lat' dir='ltr'>propioribus</span> <span class='ocrx_word' id='word_1_364' title='bbox 1335 3235 1438 3310; x_wconf 82' lang='lat' dir='ltr'>cedar:</span> <span class='ocrx_word' id='word_1_365' title='bbox 1449 3241 1582 3332; x_wconf 90' lang='lat' dir='ltr'>Nempe</span> <span class='ocrx_word' id='word_1_366' title='bbox 1591 3232 1732 3332; x_wconf 74' lang='lat' dir='ltr'>subjedia</span> <span class='ocrx_word' id='word_1_367' title='bbox 1743 3240 1802 3312; x_wconf 88' lang='lat' dir='ltr'>bac</span> <span class='ocrx_word' id='word_1_368' title='bbox 1818 3236 1958 3338; x_wconf 83' lang='lat' dir='ltr'>generali</span> <span class='ocrx_word' id='word_1_369' title='bbox 1968 3242 2053 3335; x_wconf 85' lang='lat' dir='ltr'>Reg.</span> 
     </span>
     <span class='ocr_line' id='line_1_31' title="bbox 445 3339 2112 3444; baseline -0.004 -34"><span class='ocrx_word' id='word_1_370' title='bbox 445 3362 511 3434; x_wconf 89' lang='lat' dir='ltr'>pro</span> <span class='ocrx_word' id='word_1_371' title='bbox 527 3341 665 3418; x_wconf 77' lang='lat' dir='ltr'>ratione.</span> <span class='ocrx_word' id='word_1_372' title='bbox 678 3339 849 3444; x_wconf 70' lang='lat' dir='ltr'>Quotiens,</span> <span class='ocrx_word' id='word_1_373' title='bbox 863 3345 928 3410; x_wconf 75' lang='lat' dir='ltr'>&amp;o</span> <span class='ocrx_word' id='word_1_374' title='bbox 945 3339 1094 3417; x_wconf 89' lang='lat' dir='ltr'>JUSTO</span> <span class='ocrx_word' id='word_1_375' title='bbox 1106 3339 1327 3410; x_wconf 85' lang='lat' dir='ltr'><strong>DECRETO</strong></span> <span class='ocrx_word' id='word_1_376' title='bbox 1346 3341 1448 3406; x_wconf 85' lang='lat' dir='ltr'>REM</span> <span class='ocrx_word' id='word_1_377' title='bbox 1465 3340 1833 3410; x_wconf 84' lang='lat' dir='ltr'><strong>TEMPERANDAM</strong></span> <span class='ocrx_word' id='word_1_378' title='bbox 1848 3342 1966 3408; x_wconf 81' lang='lat' dir='ltr'>ESSE.</span> <span class='ocrx_word' id='word_1_379' title='bbox 1984 3340 2056 3422; x_wconf 83' lang='lat' dir='ltr'>Ait,</span> <span class='ocrx_word' id='word_1_380' title='bbox 2109 3397 2112 3404; x_wconf 90' lang='lat'><strong>.</strong></span> 
     </span>
     <span class='ocr_line' id='line_1_32' title="bbox 445 3433 2056 3542; baseline 0.002 -34"><span class='ocrx_word' id='word_1_381' title='bbox 445 3437 580 3510; x_wconf 88' lang='lat' dir='ltr'>decreto</span> <span class='ocrx_word' id='word_1_382' title='bbox 592 3439 839 3542; x_wconf 78' lang='lat' dir='ltr'>temperandam,</span> <span class='ocrx_word' id='word_1_383' title='bbox 853 3435 1034 3536; x_wconf 87' lang='lat' dir='ltr'>quomodo</span> <span class='ocrx_word' id='word_1_384' title='bbox 1043 3439 1163 3530; x_wconf 91' lang='lat' dir='ltr'>pariter</span> <span class='ocrx_word' id='word_1_385' title='bbox 1175 3433 1295 3507; x_wconf 89' lang='lat' dir='ltr'>dicitur</span> <span class='ocrx_word' id='word_1_386' title='bbox 1310 3438 1344 3504; x_wconf 91' lang='lat' dir='ltr'>in</span> <span class='ocrx_word' id='word_1_387' title='bbox 1359 3433 1518 3506; x_wconf 70' lang='lat' dir='ltr'>ssulatim</span> <span class='ocrx_word' id='word_1_388' title='bbox 1534 3441 1568 3504; x_wconf 82' lang='lat'>6.</span> <span class='ocrx_word' id='word_1_389' title='bbox 1578 3443 1623 3508; x_wconf 90' lang='lat' dir='ltr'>D.</span> <span class='ocrx_word' id='word_1_390' title='bbox 1634 3437 1673 3506; x_wconf 80' lang='lat' dir='ltr'>de</span> <span class='ocrx_word' id='word_1_391' title='bbox 1688 3443 1782 3538; x_wconf 81' lang='lat' dir='ltr'>legat.</span> <span class='ocrx_word' id='word_1_392' title='bbox 1790 3437 1884 3538; x_wconf 75' lang='lat' dir='ltr'>ptest.</span> <span class='ocrx_word' id='word_1_393' title='bbox 1901 3443 1937 3508; x_wconf 88' lang='lat'>&amp;</span> <span class='ocrx_word' id='word_1_394' title='bbox 1952 3435 2056 3511; x_wconf 87' lang='lat' dir='ltr'>ferme</span> 
     </span>
     <span class='ocr_line' id='line_1_33' title="bbox 444 3529 2057 3642; baseline 0.002 -36"><span class='ocrx_word' id='word_1_395' title='bbox 444 3541 488 3608; x_wconf 91' lang='lat' dir='ltr'>1.r</span> <span class='ocrx_word' id='word_1_396' title='bbox 501 3545 582 3630; x_wconf 82' lang='lat' dir='ltr'><strong>3.D.</strong></span> <span class='ocrx_word' id='word_1_397' title='bbox 599 3537 841 3642; x_wconf 81' lang='lat' dir='ltr'>deprocurator.</span> <span class='ocrx_word' id='word_1_398' title='bbox 856 3561 876 3608; x_wconf 88' lang='lat' dir='ltr'>a</span> <span class='ocrx_word' id='word_1_399' title='bbox 891 3533 998 3632; x_wconf 76' lang='lat' dir='ltr'>jerdice</span> <span class='ocrx_word' id='word_1_400' title='bbox 1013 3529 1133 3610; x_wconf 89' lang='lat' dir='ltr'>seilicet</span> <span class='ocrx_word' id='word_1_401' title='bbox 1147 3583 1158 3614; x_wconf 89' lang='lat'>,</span> <span class='ocrx_word' id='word_1_402' title='bbox 1172 3537 1227 3601; x_wconf 74' lang='lat' dir='ltr'>lto</span> <span class='ocrx_word' id='word_1_403' title='bbox 1238 3534 1314 3618; x_wconf 63' lang='lat' dir='ltr'>late</span> <span class='ocrx_word' id='word_1_404' title='bbox 1329 3560 1386 3603; x_wconf 81' lang='lat' dir='ltr'>rot</span> <span class='ocrx_word' id='word_1_405' title='bbox 1397 3529 1702 3636; x_wconf 61' lang='lat' dir='ltr'>opxnrorfitffiagio</span> <span class='ocrx_word' id='word_1_406' title='bbox 1720 3536 2002 3636; x_wconf 68' lang='lat' dir='ltr'>mgistratum,</span> <span class='ocrx_word' id='word_1_407' title='bbox 2019 3561 2057 3610; x_wconf 90' lang='lat' dir='ltr'>ut</span> 
     </span>
     <span class='ocr_line' id='line_1_34' title="bbox 444 3631 2057 3738; baseline 0.001 -31"><span class='ocrx_word' id='word_1_408' title='bbox 444 3639 573 3721; x_wconf 81' lang='lat' dir='ltr'>Graeci,</span> <span class='ocrx_word' id='word_1_409' title='bbox 599 3635 770 3722; x_wconf 65' lang='grc' dir='ltr'>ψηφισματι</span> <span class='ocrx_word' id='word_1_410' title='bbox 784 3639 906 3708; x_wconf 81' lang='lat' dir='ltr'>decreto</span> <span class='ocrx_word' id='word_1_411' title='bbox 930 3640 1036 3738; x_wconf 58' lang='lat' dir='ltr'>l.&#39;peto</span> <span class='ocrx_word' id='word_1_412' title='bbox 1053 3645 1111 3725; x_wconf 82' lang='lat'>69.</span> <span class='ocrx_word' id='word_1_413' title='bbox 1131 3637 1161 3712; x_wconf 72' lang='lat' dir='ltr'>l.</span> <span class='ocrx_word' id='word_1_414' title='bbox 1169 3636 1277 3726; x_wconf 86' lang='lat' dir='ltr'>frater</span> <span class='ocrx_word' id='word_1_415' title='bbox 1290 3633 1327 3703; x_wconf 83' lang='lat' dir='ltr'>de</span> <span class='ocrx_word' id='word_1_416' title='bbox 1340 3638 1433 3734; x_wconf 87' lang='lat' dir='ltr'>legat.</span> <span class='ocrx_word' id='word_1_417' title='bbox 1454 3659 1487 3703; x_wconf 82' lang='lat' dir='ltr'>a.</span> <span class='ocrx_word' id='word_1_418' title='bbox 1514 3637 1633 3731; x_wconf 83' lang='lat' dir='ltr'>inqua</span> <span class='ocrx_word' id='word_1_419' title='bbox 1648 3631 1831 3732; x_wconf 86' lang='lat' dir='ltr'>ipsaspecie</span> <span class='ocrx_word' id='word_1_420' title='bbox 1852 3657 2057 3708; x_wconf 88' lang='lat' dir='ltr'>memoratur</span> 
     </span>
     <span class='ocr_line' id='line_1_35' title="bbox 445 3731 2055 3833; baseline 0 -27"><span class='ocrx_word' id='word_1_421' title='bbox 445 3757 584 3831; x_wconf 87' lang='lat' dir='ltr'>quoque</span> <span class='ocrx_word' id='word_1_422' title='bbox 599 3735 766 3808; x_wconf 79' lang='lat' dir='ltr'>Arrestum</span> <span class='ocrx_word' id='word_1_423' title='bbox 782 3732 952 3808; x_wconf 82' lang='lat' dir='ltr'>Pariliense</span> <span class='ocrx_word' id='word_1_424' title='bbox 978 3743 1010 3806; x_wconf 86' lang='grc'><strong><em>6.</em></strong></span> <span class='ocrx_word' id='word_1_425' title='bbox 1022 3735 1183 3808; x_wconf 86' lang='lat' dir='ltr'>Februarii</span> <span class='ocrx_word' id='word_1_426' title='bbox 1206 3761 1217 3806; x_wconf 92' lang='lat' dir='ltr'>r</span> <span class='ocrx_word' id='word_1_427' title='bbox 1226 3737 1307 3827; x_wconf 77' lang='lat'>567.</span> <span class='ocrx_word' id='word_1_428' title='bbox 1319 3737 1377 3806; x_wconf 80' lang='lat' dir='ltr'>Ait</span> <span class='ocrx_word' id='word_1_429' title='bbox 1380 3731 1468 3826; x_wconf 78' lang='lat' dir='ltr'>justo</span> <span class='ocrx_word' id='word_1_430' title='bbox 1477 3732 1612 3816; x_wconf 79' lang='lat' dir='ltr'>decrero,</span> <span class='ocrx_word' id='word_1_431' title='bbox 1628 3733 1729 3820; x_wconf 86' lang='lat' dir='ltr'>idest,</span> <span class='ocrx_word' id='word_1_432' title='bbox 1745 3739 1779 3807; x_wconf 90' lang='lat' dir='ltr'>in</span> <span class='ocrx_word' id='word_1_433' title='bbox 1793 3739 1980 3833; x_wconf 65' lang='lat' dir='ltr'>{equitatem</span> <span class='ocrx_word' id='word_1_434' title='bbox 1995 3733 2055 3807; x_wconf 88' lang='lat' dir='ltr'>lle-</span> 
     </span>
     <span class='ocr_line' id='line_1_36' title="bbox 443 3826 2056 3935; baseline 0.002 -31"><span class='ocrx_word' id='word_1_435' title='bbox 443 3857 509 3904; x_wconf 83' lang='lat' dir='ltr'>xo:</span> <span class='ocrx_word' id='word_1_436' title='bbox 535 3861 572 3906; x_wconf 86' lang='lat' dir='ltr'>ex</span> <span class='ocrx_word' id='word_1_437' title='bbox 585 3830 652 3930; x_wconf 88' lang='lat' dir='ltr'>ipsa</span> <span class='ocrx_word' id='word_1_438' title='bbox 668 3859 786 3930; x_wconf 89' lang='lat' dir='ltr'>nempe</span> <span class='ocrx_word' id='word_1_439' title='bbox 797 3833 876 3935; x_wconf 88' lang='lat' dir='ltr'>legis</span> <span class='ocrx_word' id='word_1_440' title='bbox 896 3855 1032 3920; x_wconf 89' lang='lat' dir='ltr'>mente,</span> <span class='ocrx_word' id='word_1_441' title='bbox 1058 3861 1138 3909; x_wconf 89' lang='lat' dir='ltr'>curn</span> <span class='ocrx_word' id='word_1_442' title='bbox 1165 3839 1201 3906; x_wconf 91' lang='lat'>&amp;</span> <span class='ocrx_word' id='word_1_443' title='bbox 1227 3832 1375 3930; x_wconf 88' lang='lat' dir='ltr'>alioquin</span> <span class='ocrx_word' id='word_1_444' title='bbox 1392 3839 1515 3906; x_wconf 78' lang='lat' dir='ltr'>Prator</span> <span class='ocrx_word' id='word_1_445' title='bbox 1531 3832 1607 3906; x_wconf 86' lang='lat' dir='ltr'>viva</span> <span class='ocrx_word' id='word_1_446' title='bbox 1622 3859 1688 3906; x_wconf 85' lang='lat' dir='ltr'>vox</span> <span class='ocrx_word' id='word_1_447' title='bbox 1701 3832 1740 3906; x_wconf 87' lang='lat' dir='ltr'>stt</span> <span class='ocrx_word' id='word_1_448' title='bbox 1754 3841 1774 3913; x_wconf 88' lang='lat' dir='ltr'>J</span> <span class='ocrx_word' id='word_1_449' title='bbox 1778 3840 1843 3908; x_wconf 85' lang='lat' dir='ltr'>uris</span> <span class='ocrx_word' id='word_1_450' title='bbox 1857 3826 1992 3914; x_wconf 86' lang='lat' dir='ltr'>Civilis,</span> <span class='ocrx_word' id='word_1_451' title='bbox 2020 3841 2056 3908; x_wconf 79' lang='lat' dir='ltr'>dt</span> 
     </span>
     <span class='ocr_line' id='line_1_37' title="bbox 448 3929 2055 4038; baseline 0.001 -33"><span class='ocrx_word' id='word_1_452' title='bbox 448 3938 561 4005; x_wconf 67' lang='lat' dir='ltr'>ruam</span> <span class='ocrx_word' id='word_1_453' title='bbox 591 3935 728 4022; x_wconf 65' lang='grc' dir='ltr'>εμψυχον</span> <span class='ocrx_word' id='word_1_454' title='bbox 744 3939 805 4024; x_wconf 76' lang='lat' dir='ltr'>jar</span> <span class='ocrx_word' id='word_1_455' title='bbox 827 3934 971 4018; x_wconf 64' lang='lat' dir='ltr'>viarum</span> <span class='ocrx_word' id='word_1_456' title='bbox 996 3937 1056 4030; x_wconf 88' lang='lat' dir='ltr'>qui</span> <span class='ocrx_word' id='word_1_457' title='bbox 1073 3939 1217 4038; x_wconf 83' lang='lat' dir='ltr'>rigorem</span> <span class='ocrx_word' id='word_1_458' title='bbox 1245 3939 1281 4005; x_wconf 75' lang='grc' dir='ltr'>δι</span> <span class='ocrx_word' id='word_1_459' title='bbox 1312 3929 1539 4034; x_wconf 86' lang='lat' dir='ltr'>adsperitatetn</span> <span class='ocrx_word' id='word_1_460' title='bbox 1566 3939 1655 4013; x_wconf 88' lang='lat' dir='ltr'>Juris</span> <span class='ocrx_word' id='word_1_461' title='bbox 1673 3934 1788 4009; x_wconf 80' lang='lat' dir='ltr'>Civilis</span> <span class='ocrx_word' id='word_1_462' title='bbox 1812 3931 1972 4005; x_wconf 68' lang='lat' dir='ltr'>instruit:</span> <span class='ocrx_word' id='word_1_463' title='bbox 1997 3933 2055 4006; x_wconf 80' lang='lat' dir='ltr'>ad-</span> 
     </span>
     <span class='ocr_line' id='line_1_38' title="bbox 453 4026 2056 4134; baseline 0.002 -31"><span class='ocrx_word' id='word_1_464' title='bbox 453 4026 585 4129; x_wconf 89' lang='lat' dir='ltr'>sumpta</span> <span class='ocrx_word' id='word_1_465' title='bbox 597 4031 676 4134; x_wconf 86' lang='lat' dir='ltr'>legis</span> <span class='ocrx_word' id='word_1_466' title='bbox 689 4055 830 4106; x_wconf 85' lang='lat' dir='ltr'>mortuae</span> <span class='ocrx_word' id='word_1_467' title='bbox 842 4039 973 4121; x_wconf 85' lang='lat' dir='ltr'>aninra,</span> <span class='ocrx_word' id='word_1_468' title='bbox 999 4032 1092 4106; x_wconf 85' lang='lat' dir='ltr'>idest</span> <span class='ocrx_word' id='word_1_469' title='bbox 1108 4090 1119 4120; x_wconf 89' lang='lat'>‚</span> <span class='ocrx_word' id='word_1_470' title='bbox 1146 4038 1272 4106; x_wconf 87' lang='lat' dir='ltr'>ratione</span> <span class='ocrx_word' id='word_1_471' title='bbox 1288 4079 1298 4114; x_wconf 64' lang='lat' dir='ltr'>a</span> <span class='ocrx_word' id='word_1_472' title='bbox 1323 4057 1396 4132; x_wconf 82' lang='lat' dir='ltr'>quae</span> <span class='ocrx_word' id='word_1_473' title='bbox 1411 4036 1515 4134; x_wconf 86' lang='lat' dir='ltr'>magis</span> <span class='ocrx_word' id='word_1_474' title='bbox 1528 4029 1628 4105; x_wconf 87' lang='lat' dir='ltr'>afficit</span> <span class='ocrx_word' id='word_1_475' title='bbox 1643 4059 1712 4105; x_wconf 87' lang='lat' dir='ltr'>reru</span> <span class='ocrx_word' id='word_1_476' title='bbox 1726 4088 1737 4118; x_wconf 92' lang='lat'>,</span> <span class='ocrx_word' id='word_1_477' title='bbox 1751 4029 1956 4106; x_wconf 87' lang='lat' dir='ltr'>demittendo</span> <span class='ocrx_word' id='word_1_478' title='bbox 1973 4029 2056 4106; x_wconf 86' lang='lat' dir='ltr'>sead</span> 
     </span>
     <span class='ocr_line' id='line_1_39' title="bbox 445 4125 2055 4234; baseline 0.001 -31"><span class='ocrx_word' id='word_1_479' title='bbox 445 4125 594 4228; x_wconf 84' lang='lat' dir='ltr'>specialia</span> <span class='ocrx_word' id='word_1_480' title='bbox 610 4181 620 4212; x_wconf 57' lang='lat' dir='ltr'>a</span> <span class='ocrx_word' id='word_1_481' title='bbox 646 4137 679 4206; x_wconf 89' lang='lat' dir='ltr'>in</span> <span class='ocrx_word' id='word_1_482' title='bbox 697 4132 819 4230; x_wconf 88' lang='lat' dir='ltr'>quibus</span> <span class='ocrx_word' id='word_1_483' title='bbox 831 4139 965 4231; x_wconf 84' lang='lat' dir='ltr'>aequitas</span> <span class='ocrx_word' id='word_1_484' title='bbox 980 4133 1088 4230; x_wconf 83' lang='lat' dir='ltr'>aliqua</span> <span class='ocrx_word' id='word_1_485' title='bbox 1102 4129 1213 4206; x_wconf 89' lang='lat' dir='ltr'>suadet</span> <span class='ocrx_word' id='word_1_486' title='bbox 1229 4133 1363 4205; x_wconf 81' lang='lat' dir='ltr'>recedia</span> <span class='ocrx_word' id='word_1_487' title='bbox 1373 4135 1466 4234; x_wconf 82' lang='lat' dir='ltr'>lege.</span> <span class='ocrx_word' id='word_1_488' title='bbox 1494 4132 1628 4204; x_wconf 81' lang='lat' dir='ltr'>Dtereei</span> <span class='ocrx_word' id='word_1_489' title='bbox 1643 4127 1762 4206; x_wconf 90' lang='lat' dir='ltr'>scilieet</span> <span class='ocrx_word' id='word_1_490' title='bbox 1775 4159 1841 4204; x_wconf 80' lang='lat' dir='ltr'>vox</span> <span class='ocrx_word' id='word_1_491' title='bbox 1854 4153 1892 4202; x_wconf 91' lang='lat' dir='ltr'>ut</span> <span class='ocrx_word' id='word_1_492' title='bbox 1906 4134 1940 4202; x_wconf 95' lang='lat' dir='ltr'>in</span> <span class='ocrx_word' id='word_1_493' title='bbox 1957 4157 2055 4204; x_wconf 89' lang='lat' dir='ltr'>eonr-</span> 
     </span>
     <span class='ocr_line' id='line_1_40' title="bbox 444 4225 2057 4334; baseline 0 -30"><span class='ocrx_word' id='word_1_494' title='bbox 444 4257 549 4304; x_wconf 89' lang='lat' dir='ltr'>mune</span> <span class='ocrx_word' id='word_1_495' title='bbox 563 4231 605 4304; x_wconf 87' lang='lat' dir='ltr'>de</span> <span class='ocrx_word' id='word_1_496' title='bbox 625 4231 741 4324; x_wconf 88' lang='lat' dir='ltr'>judicis</span> <span class='ocrx_word' id='word_1_497' title='bbox 755 4238 950 4334; x_wconf 85' lang='lat' dir='ltr'>cognitione</span> <span class='ocrx_word' id='word_1_498' title='bbox 964 4233 1149 4329; x_wconf 78' lang='lat' dir='ltr'>accipitur,</span> <span class='ocrx_word' id='word_1_499' title='bbox 1175 4255 1247 4304; x_wconf 88' lang='lat' dir='ltr'>non</span> <span class='ocrx_word' id='word_1_500' title='bbox 1264 4231 1306 4302; x_wconf 89' lang='lat' dir='ltr'>ad</span> <span class='ocrx_word' id='word_1_501' title='bbox 1323 4231 1469 4304; x_wconf 87' lang='lat' dir='ltr'>libellum</span> <span class='ocrx_word' id='word_1_502' title='bbox 1483 4225 1743 4328; x_wconf 87' lang='lat' dir='ltr'>subscriptione,</span> <span class='ocrx_word' id='word_1_503' title='bbox 1768 4235 1814 4304; x_wconf 91' lang='lat' dir='ltr'>ita</span> <span class='ocrx_word' id='word_1_504' title='bbox 1840 4232 1901 4302; x_wconf 91' lang='lat' dir='ltr'>hac</span> <span class='ocrx_word' id='word_1_505' title='bbox 1916 4232 1951 4304; x_wconf 87' lang='lat' dir='ltr'>iu</span> <span class='ocrx_word' id='word_1_506' title='bbox 1967 4257 2002 4304; x_wconf 90' lang='lat' dir='ltr'>te</span> <span class='ocrx_word' id='word_1_507' title='bbox 2014 4231 2057 4304; x_wconf 90' lang='lat' dir='ltr'>de</span> 
     </span>
     <span class='ocr_line' id='line_1_41' title="bbox 424 4325 2051 4430; baseline 0.001 -27"><span class='ocrx_word' id='word_1_508' title='bbox 424 4413 426 4418; x_wconf 67' lang='lat'>,</span> <span class='ocrx_word' id='word_1_509' title='bbox 443 4335 606 4430; x_wconf 82' lang='lat' dir='ltr'>aequitatis</span> <span class='ocrx_word' id='word_1_510' title='bbox 621 4354 884 4427; x_wconf 86' lang='lat' dir='ltr'>temperamento</span> <span class='ocrx_word' id='word_1_511' title='bbox 899 4337 1032 4430; x_wconf 92' lang='lat' dir='ltr'>propria</span> <span class='ocrx_word' id='word_1_512' title='bbox 1045 4333 1148 4404; x_wconf 88' lang='lat' dir='ltr'>etiam</span> <span class='ocrx_word' id='word_1_513' title='bbox 1162 4332 1367 4426; x_wconf 81' lang='lat' dir='ltr'>Papiniano,</span> <span class='ocrx_word' id='word_1_514' title='bbox 1394 4353 1496 4428; x_wconf 87' lang='lat' dir='ltr'>quatu</span> <span class='ocrx_word' id='word_1_515' title='bbox 1507 4325 1641 4427; x_wconf 87' lang='lat' dir='ltr'>usurpat</span> <span class='ocrx_word' id='word_1_516' title='bbox 1655 4337 1690 4402; x_wconf 80' lang='grc' dir='ltr'>δι</span> <span class='ocrx_word' id='word_1_517' title='bbox 1702 4335 1724 4402; x_wconf 87' lang='lat' dir='ltr'>l.</span> <span class='ocrx_word' id='word_1_518' title='bbox 1737 4334 1795 4424; x_wconf 87' lang='lat'>84.</span> <span class='ocrx_word' id='word_1_519' title='bbox 1810 4339 1857 4405; x_wconf 91' lang='lat' dir='ltr'>D.</span> <span class='ocrx_word' id='word_1_520' title='bbox 1870 4331 1909 4402; x_wconf 80' lang='lat' dir='ltr'>de</span> <span class='ocrx_word' id='word_1_521' title='bbox 1921 4329 2051 4429; x_wconf 76' lang='lat' dir='ltr'>adquir.</span> 
     </span>
     <span class='ocr_line' id='line_1_42' title="bbox 443 4426 2055 4530; baseline 0.001 -28"><span class='ocrx_word' id='word_1_522' title='bbox 443 4431 548 4504; x_wconf 80' lang='lat' dir='ltr'>hereti.</span> <span class='ocrx_word' id='word_1_523' title='bbox 575 4434 745 4505; x_wconf 85' lang='lat' dir='ltr'>Caeterum</span> <span class='ocrx_word' id='word_1_524' title='bbox 759 4435 793 4502; x_wconf 90' lang='lat' dir='ltr'>in</span> <span class='ocrx_word' id='word_1_525' title='bbox 804 4429 972 4530; x_wconf 82' lang='lat' dir='ltr'>proposita</span> <span class='ocrx_word' id='word_1_526' title='bbox 987 4426 1091 4528; x_wconf 88' lang='lat' dir='ltr'>speeie</span> <span class='ocrx_word' id='word_1_527' title='bbox 1105 4435 1189 4502; x_wconf 87' lang='lat' dir='ltr'>ratio</span> <span class='ocrx_word' id='word_1_528' title='bbox 1202 4433 1378 4526; x_wconf 82' lang='lat' dir='ltr'>AEquitatis</span> <span class='ocrx_word' id='word_1_529' title='bbox 1392 4451 1502 4528; x_wconf 90' lang='lat' dir='ltr'>aperta</span> <span class='ocrx_word' id='word_1_530' title='bbox 1513 4431 1579 4504; x_wconf 84' lang='lat' dir='ltr'>est.-</span> <span class='ocrx_word' id='word_1_531' title='bbox 1605 4435 1679 4504; x_wconf 89' lang='lat' dir='ltr'>Cur</span> <span class='ocrx_word' id='word_1_532' title='bbox 1694 4483 1705 4515; x_wconf 89' lang='lat'>‚</span> <span class='ocrx_word' id='word_1_533' title='bbox 1732 4434 1891 4528; x_wconf 87' lang='lat' dir='ltr'>inquam,</span> <span class='ocrx_word' id='word_1_534' title='bbox 1919 4454 1984 4503; x_wconf 84' lang='lat' dir='ltr'>tres</span> <span class='ocrx_word' id='word_1_535' title='bbox 1998 4455 2055 4503; x_wconf 90' lang='lat' dir='ltr'>tu-</span> 
     </span>
     <span class='ocr_line' id='line_1_43' title="bbox 444 4525 2055 4626; baseline 0.002 -27"><span class='ocrx_word' id='word_1_536' title='bbox 444 4528 516 4602; x_wconf 79' lang='lat' dir='ltr'>tela</span> <span class='ocrx_word' id='word_1_537' title='bbox 533 4525 775 4604; x_wconf 84' lang='lat' dir='ltr'>excusationem</span> <span class='ocrx_word' id='word_1_538' title='bbox 796 4533 970 4626; x_wconf 73' lang='lat' dir='ltr'>prestent,</span> <span class='ocrx_word' id='word_1_539' title='bbox 997 4555 1116 4626; x_wconf 90' lang='lat' dir='ltr'>nempe</span> <span class='ocrx_word' id='word_1_540' title='bbox 1128 4525 1307 4604; x_wconf 83' lang='lat' dir='ltr'>difficultas</span> <span class='ocrx_word' id='word_1_541' title='bbox 1329 4533 1497 4602; x_wconf 87' lang='lat' dir='ltr'>rationum</span> <span class='ocrx_word' id='word_1_542' title='bbox 1521 4527 1801 4604; x_wconf 84' lang='lat' dir='ltr'>conficiendarum</span> <span class='ocrx_word' id='word_1_543' title='bbox 1827 4537 1861 4602; x_wconf 78' lang='lat' dir='ltr'>dt</span> <span class='ocrx_word' id='word_1_544' title='bbox 1875 4529 2055 4604; x_wconf 83' lang='lat' dir='ltr'>reddenda·</span> 
     </span>
     <span class='ocr_line' id='line_1_44' title="bbox 446 4627 2057 4728; baseline 0.001 -30"><span class='ocrx_word' id='word_1_545' title='bbox 446 4653 547 4712; x_wconf 88' lang='lat' dir='ltr'>rum,</span> <span class='ocrx_word' id='word_1_546' title='bbox 572 4629 605 4701; x_wconf 83' lang='lat' dir='ltr'>ii.</span> <span class='ocrx_word' id='word_1_547' title='bbox 622 4633 645 4701; x_wconf 89' lang='lat' dir='ltr'>l.</span> <span class='ocrx_word' id='word_1_548' title='bbox 663 4653 718 4724; x_wconf 80' lang='lat'>3¹·</span> <span class='ocrx_word' id='word_1_549' title='bbox 733 4635 763 4706; x_wconf 90' lang='lat'>§.</span> <span class='ocrx_word' id='word_1_550' title='bbox 778 4635 840 4704; x_wconf 81' lang='lat' dir='ltr'>ult.</span> <span class='ocrx_word' id='word_1_551' title='bbox 853 4630 957 4728; x_wconf 77' lang='lat' dir='ltr'>infin.</span> <span class='ocrx_word' id='word_1_552' title='bbox 973 4651 1010 4702; x_wconf 89' lang='lat' dir='ltr'>ut</span> <span class='ocrx_word' id='word_1_553' title='bbox 1026 4629 1166 4726; x_wconf 89' lang='lat' dir='ltr'>proinde</span> <span class='ocrx_word' id='word_1_554' title='bbox 1176 4627 1272 4724; x_wconf 88' lang='lat' dir='ltr'>judex</span> <span class='ocrx_word' id='word_1_555' title='bbox 1283 4674 1294 4709; x_wconf 79' lang='lat'>‚</span> <span class='ocrx_word' id='word_1_556' title='bbox 1306 4629 1364 4700; x_wconf 89' lang='lat' dir='ltr'>ubi</span> <span class='ocrx_word' id='word_1_557' title='bbox 1376 4628 1513 4702; x_wconf 86' lang='lat' dir='ltr'>eandem</span> <span class='ocrx_word' id='word_1_558' title='bbox 1524 4633 1687 4702; x_wconf 87' lang='lat' dir='ltr'>rationem</span> <span class='ocrx_word' id='word_1_559' title='bbox 1701 4629 1839 4703; x_wconf 86' lang='lat' dir='ltr'>militare</span> <span class='ocrx_word' id='word_1_560' title='bbox 1849 4629 1938 4702; x_wconf 85' lang='lat' dir='ltr'>videt</span> <span class='ocrx_word' id='word_1_561' title='bbox 1948 4681 1958 4710; x_wconf 92' lang='lat'><strong><em>,</em></strong></span> <span class='ocrx_word' id='word_1_562' title='bbox 1968 4629 2057 4700; x_wconf 90' lang='lat' dir='ltr'>idem</span> 
     </span>
     <span class='ocr_line' id='line_1_45' title="bbox 447 4727 2055 4830; baseline 0.001 -34"><span class='ocrx_word' id='word_1_563' title='bbox 447 4729 500 4820; x_wconf 83' lang='lat' dir='ltr'>jus</span> <span class='ocrx_word' id='word_1_564' title='bbox 514 4730 590 4799; x_wconf 85' lang='lat' dir='ltr'>viva</span> <span class='ocrx_word' id='word_1_565' title='bbox 603 4753 687 4801; x_wconf 90' lang='lat' dir='ltr'>voce</span> <span class='ocrx_word' id='word_1_566' title='bbox 700 4727 872 4801; x_wconf 86' lang='lat' dir='ltr'>decernere</span> <span class='ocrx_word' id='word_1_567' title='bbox 886 4728 1000 4802; x_wconf 85' lang='lat' dir='ltr'>debeat</span> <span class='ocrx_word' id='word_1_568' title='bbox 1019 4759 1030 4801; x_wconf 90' lang='grc'><strong><em>.·</em></strong></span> <span class='ocrx_word' id='word_1_569' title='bbox 1057 4731 1189 4824; x_wconf 88' lang='lat' dir='ltr'>Nempe</span> <span class='ocrx_word' id='word_1_570' title='bbox 1207 4777 1217 4810; x_wconf 81' lang='lat'>‚</span> <span class='ocrx_word' id='word_1_571' title='bbox 1242 4751 1279 4799; x_wconf 92' lang='lat' dir='ltr'>ut</span> <span class='ocrx_word' id='word_1_572' title='bbox 1292 4733 1425 4825; x_wconf 83' lang='lat' dir='ltr'>aequitas</span> <span class='ocrx_word' id='word_1_573' title='bbox 1440 4729 1585 4803; x_wconf 65' lang='lat' dir='ltr'>aulones</span> <span class='ocrx_word' id='word_1_574' title='bbox 1600 4727 1777 4830; x_wconf 86' lang='lat' dir='ltr'>infringere</span> <span class='ocrx_word' id='word_1_575' title='bbox 1790 4727 1911 4801; x_wconf 89' lang='lat' dir='ltr'>dieitur</span> <span class='ocrx_word' id='word_1_576' title='bbox 1926 4753 1945 4797; x_wconf 88' lang='lat' dir='ltr'>a</span> <span class='ocrx_word' id='word_1_577' title='bbox 1962 4729 2055 4822; x_wconf 88' lang='lat' dir='ltr'>Papi·</span> 
     </span>
     <span class='ocr_line' id='line_1_46' title="bbox 451 4826 2059 4999; baseline 0.002 -103"><span class='ocrx_word' id='word_1_578' title='bbox 451 4826 554 4900; x_wconf 82' lang='lat' dir='ltr'>niano</span> <span class='ocrx_word' id='word_1_579' title='bbox 579 4832 604 4901; x_wconf 82' lang='lat'>1.</span> <span class='ocrx_word' id='word_1_580' title='bbox 623 4855 678 4903; x_wconf 83' lang='lat' dir='ltr'>re.</span> <span class='ocrx_word' id='word_1_581' title='bbox 689 4829 728 4903; x_wconf 81' lang='lat' dir='ltr'>de</span> <span class='ocrx_word' id='word_1_582' title='bbox 739 4828 806 4903; x_wconf 84' lang='lat' dir='ltr'>doli</span> <span class='ocrx_word' id='word_1_583' title='bbox 821 4853 941 4936; x_wconf 82' lang='lat' dir='ltr'>except.</span> <span class='ocrx_word' id='word_1_584' title='bbox 955 4832 1034 4904; x_wconf 86' lang='lat' dir='ltr'>item</span> <span class='ocrx_word' id='word_1_585' title='bbox 1049 4879 1062 4914; x_wconf 88' lang='lat'><em>‚</em></span> <span class='ocrx_word' id='word_1_586' title='bbox 1088 4827 1159 4904; x_wconf 88' lang='lat' dir='ltr'>doli</span> <span class='ocrx_word' id='word_1_587' title='bbox 1171 4830 1318 4925; x_wconf 75' lang='lat' dir='ltr'>excepuo</span> <span class='ocrx_word' id='word_1_588' title='bbox 1330 4851 1401 4903; x_wconf 86' lang='lat' dir='ltr'>tem</span> <span class='ocrx_word' id='word_1_589' title='bbox 1413 4851 1615 4926; x_wconf 87' lang='lat' dir='ltr'>temperate,</span> <span class='ocrx_word' id='word_1_590' title='bbox 1639 4833 1663 4905; x_wconf 93' lang='lat' dir='ltr'>l.</span> <span class='ocrx_word' id='word_1_591' title='bbox 1679 4831 1736 4902; x_wconf 88' lang='grc'><strong><em>88.</em></strong></span> <span class='ocrx_word' id='word_1_592' title='bbox 1751 4834 1780 4910; x_wconf 88' lang='lat'>§.</span> <span class='ocrx_word' id='word_1_593' title='bbox 1800 4855 1830 4901; x_wconf 91' lang='lat' dir='ltr'>r.</span> <span class='ocrx_word' id='word_1_594' title='bbox 1841 4829 1878 4902; x_wconf 86' lang='lat' dir='ltr'>itt</span> <span class='ocrx_word' id='word_1_595' title='bbox 1880 4831 1954 4999; x_wconf 64' lang='lat' dir='ltr'>fiel</span> <span class='ocrx_word' id='word_1_596' title='bbox 1957 4835 2004 4900; x_wconf 90' lang='lat' dir='ltr'>D.</span> <span class='ocrx_word' id='word_1_597' title='bbox 2014 4827 2059 4900; x_wconf 83' lang='lat' dir='ltr'>ad</span> 
     </span>
    </p>
   </div>
   <div class='ocr_carea' id='block_1_8' title="bbox 0 0 2366 5925">
    <p class='ocr_par' dir='ltr' id='par_1_8' title="bbox 0 0 2366 5925">
     <span class='ocr_line' id='line_1_47' title="bbox 0 0 2366 5925; baseline 0 0"><span class='ocrx_word' id='word_1_598' title='bbox 0 0 2366 5925; x_wconf 95' lang='lat' dir='ltr'> </span> 
     </span>
    </p>
   </div>
  </div>
 </body>
</html>
