4724 5930
471 545 1322 640 retortuotrturtcrun,xt.cott.
1340 533 1810 630 ruter21tec'e.trttsr.
1898 573 1947 650 6,·

344 655 386 727 ele
399 649 581 736 retemta,
599 650 719 723 dieitur
731 659 766 722 δι
780 673 884 746 prope
898 648 1103 743 pubertatem
1119 641 1179 716 esse
1195 697 1206 729 ,
1231 649 1254 714 l.
1272 675 1306 732 4.
1322 649 1351 722 5.
1371 655 1427 720 26.
1444 649 1482 720 de
1492 649 1556 721 deli
1566 651 1686 754 ei'tctpt.
1713 679 1784 726 non
1799 656 1945 736 metitum

346 775 365 823 a
378 749 493 848 puberi
508 773 599 822 atate
612 744 734 824 abesse,
757 755 781 820 1.
796 747 1002 852 excipiuntur
1030 771 1085 836 14.
1100 753 1146 818 D.
1154 745 1193 816 de
1207 743 1369 834 avenfttit.
1387 743 1488 819 Situ.
1504 771 1609 842 prope
1621 750 1776 844 puberem
1791 757 1941 832 naudi,
2031 785 2044 806 ,

342 853 539 936 xit-Livias,
566 847 621 920 lib.
636 851 1026 937 amecisupeeaem,
1053 867 1205 940 quaevox
1220 845 1318 914 etiarn
1330 842 1562 936 Latiodonm
1576 850 1735 954 abrepto
1759 859 1798 922 ὅ(
1813 860 1940 934 Varro·
2075 857 2082 866 ¹

334 969 402 1018 ne:
429 951 487 1046 qut
503 944 673 1022 scutatae
687 947 823 1039 pueritia
837 949 954 1024 venit,
981 945 1128 1038 protae
1143 936 1281 1026 teucer,
1296 939 1554 1038 adpetentes,
1570 999 1580 1028 ,
1594 929 1935 1050 aerumnam„

341 1066 379 1116 ut
395 1049 527 1118 Nonius
548 1043 724 1116 Marcellus
739 1065 858 1128 notar,
884 1071 914 1116 c.
931 1071 960 1114 ι.
975 1071 1011 1116 v.
1030 1068 1108 1133 341.
1133 1065 1261 1108 turetrur
1276 1046 1311 1110 δι
1334 1065 1523 1130 numerurm
1546 1039 1704 1142 signifiat
1729 1048 1833 1136 tuiti,
1857 1083 1937 1130 cort-

339 1147 461 1216 tetdert
478 1197 488 1230 ,
512 1145 691 1248 pertendere
707 1197 719 1229 ,
744 1143 908 1218 extendere
925 1195 936 1226 ‚
960 1141 1115 1244 porrigere
1122 1138 1158 1228 se
1169 1137 1213 1208 ed
1224 1138 1351 1235 aliquid
1365 1193 1377 1223 ,
1404 1140 1457 1212 vel
1471 1139 1605 1240 longius
1619 1191 1629 1220 ,
1656 1144 1708 1216 vel
1723 1153 1847 1234 maius.
1873 1157 1934 1230 Er,

335 1245 719 1411 &autistiti
733 1241 1085 1413 illisit-usti·
1094 1241 1189 1407 ,3¹33
1201 1235 1490 1432 litim
1499 1239 1941 1438 &fritillum

333 1441 371 1506 δι
385 1435 573 1511 Robertum
592 1495 599 1510 .
627 1437 802 1511 Accursrus
816 1432 923 1510 censet
940 1491 950 1518 ,
976 1436 1137 1530 pubertati
1152 1438 1341 1528 proximum
1354 1459 1431 1506 eum
1446 1434 1567 1519 videti,
1581 1442 1641 1534 qoi
1653 1442 1815 1514 &ciam
1824 1459 1864 1528 ti
1872 1449 1927 1522 Δὶ,

332 1535 472 1606 tridium
483 1563 602 1608 annum
617 1531 755 1634 egressus
771 1535 806 1606 stt
815 1587 826 1622 ,
853 1535 1003 1631 eoquod
1019 1533 1181 1626 pubertati
1204 1533 1383 1626 propioris
1399 1535 1458 1629 qui
1470 1531 1506 1605 lit
1528 1559 1631 1630 quam
1646 1537 1810 1616 infantie:
1835 1551 1928 1626 Nam

328 1634 495 1728 pupillaris
511 1627 564 1708 sert
578 1637 691 1730 primae
702 1639 802 1705 atatis
818 1633 937 1734 gradus
951 1657 1015 1704 tres
1029 1633 1063 1704 lri
1078 1632 1321 1704 constituuntur
1330 1679 1342 1714 ,
1367 1631 1531 1722 infantia,
1553 1631 1597 1702 ad
1620 1630 1793 1730 separaum
1822 1639 1927 1741 usque

327 1753 453 1804 tranum
471 1784 481 1812 ‚
507 1731 688 1804 admodum
704 1731 909 1827 impuberis,
934 1739 969 1802 δι
985 1733 1124 1825 proximi
1140 1727 1326 1822 pubertati,
1356 1753 1393 1800 uc
1408 1729 1506 1812 tlocet
1529 1734 1559 1806 i.
1581 1735 1720 1846 pupillus
1745 1763 1779 1818 9.
1794 1743 1869 1830 lusi.
1886 1746 1926 1816 de

324 1827 435 1902 inurit.
448 1832 553 1934 ilipul.
581 1837 705 1902 Verum
720 1831 803 1902 hanc
817 1832 1119 1924 interpretationem
1139 1828 1308 1902 Decius&
1324 1825 1537 1906 Douiffimar
1548 1833 1677 1928 Vtglius
1690 1836 1775 1906 teste
1800 1835 1924 1912 refuta.

320 1932 395 1999 vir:
421 1935 499 2024 quia
515 1979 526 2008 ,
552 1935 611 2023 qui
626 1929 793 2002 decimum
807 1935 841 1999 δι
856 1928 1030 1998 dimidium
1042 1949 1168 1998 annum
1190 1921 1329 2024 egtellits
1343 1927 1410 2008 est,
1428 1923 1597 2018 puberem
1625 1931 1761 2026 quidem
1783 1942 1923 2030 propior

321 2025 367 2096 est
382 2033 418 2096 bt
436 2025 700 2122 (recomprimit,
727 2021 782 2096 sed
799 2052 867 2096 non
885 2029 1053 2119 proximus
1064 2027 1131 2106 est,
1158 2023 1252 2118 quod
1267 2026 1409 2096 vicinam
1423 2029 1527 2123 magis
1538 2032 1811 2112 conjunctionem
1821 2031 1920 2132 figni-

322 2119 399 2193 licat
416 2175 426 2204 ,
454 2131 490 2194 δι
503 2149 579 2195 eum
594 2129 654 2220 qui
665 2149 779 2218 parum
795 2151 812 2194 a
827 2123 996 2218 pubertate
1012 2121 1092 2194 absit
1102 2119 1244 2194 iudicat.
1284 2149 1317 2194 t.
1340 2122 1438 2194 Greci
1450 2169 1465 2198 -.
1491 2124 1696 2215 quodetiam
1710 2128 1837 2227 Viglius
1853 2159 1917 2204 no-

318 2225 419 2301 tavit,
445 2227 634 2318 proximum
646 2224 807 2316 pubertati
821 2225 1099 2315 interpretentur,
1124 2243 1202 2292 eum
1215 2223 1273 2314 qui
1289 2217 1525 2292 duodecimum
1538 2247 1663 2294 amium
1676 2229 1743 2322 agit
1757 2273 1769 2303 ,
1792 2229 1915 2302 imo&

317 2322 449 2391 citerius
462 2319 590 2394 adhuc,
614 2323 673 2414 qui
689 2320 853 2391 decimum
868 2321 918 2390 vel
935 2341 1064 2390 nonum
1082 2371 1092 2401 ,
1117 2317 1170 2388 rel
1183 2320 1282 2388 etiam
1295 2317 1337 2388 ab
1350 2341 1440 2390 anuo
1460 2311 1599 2412 septima
1627 2315 1730 2418 usque
1742 2323 1858 2416 ada4.
1881 2353 1914 2402 v.

316 2413 370 2486 bic
386 2417 602 2490 Theodorum
618 2419 883 2511 Hermopolitem
900 2469 912 2500 ,
937 2413 1184 2492 balsamonem,
1209 2413 1245 2486 in
1269 2441 1473 2486 numeraret.
1496 2417 1605 2488 Pharii
1626 2420 1679 2492 tit,
1713 2447 1768 2512 14.
1793 2425 1821 2498 i.
1854 2450 1911 2516 13.

198 2563 204 2573 -
315 2515 463 2587 Leonem
488 2516 524 2588 in
537 2519 668 2620 epitome
679 2516 798 2614 ieg.tit.
809 2521 868 2588 uit.
881 2537 914 2588 n.
935 2541 992 2586 rr.
1010 2519 1207 2588 Matthaeum
1223 2512 1413 2586 lllastatem.
1436 2511 1645 2610 idemque&
1659 2539 1784 2592 ueteres
1795 2525 1910 2598 Franci

312 2607 435 2684 sensere
448 2615 554 2713 inlege
566 2614 675 2686 Salict
688 2617 742 2686 tit,
756 2624 812 2686 26.
828 2621 867 2686 Et
881 2613 948 2686 hec
960 2609 1117 2686 surretttia
1128 2609 1230 2684 ferme
1245 2611 1367 2706 placuit
1382 2637 1474 2684 teoto
1486 2613 1654 2706 interpreti
1664 2619 1913 2694 institutionum

310 2709 353 2780 ad
366 2713 398 2782 t.
413 2715 442 2788 §.
456 2716 616 2816 pupillus:
641 2716 701 2808 qui
713 2714 874 2807 pubertati
888 2714 1077 2806 proximum
1090 2711 1133 2782 ab
1156 2711 1277 2780 ottavo
1291 2709 1341 2780 vel
1357 2733 1451 2782 nona
1466 2713 1567 2780 eratis
1589 2737 1680 2782 anno
1708 2741 1883 2809 computat
1900 2765 1911 2802 r

307 2806 411 2903 idque
424 2812 601 2906 Theophili
614 2812 826 2882 austeritate.
839 2809 943 2896 Quod
956 2831 1058 2880 omne
1071 2833 1187 2880 vetum
1202 2803 1261 2878 else
1280 2833 1348 2878 non
1363 2809 1467 2898 potell
1484 2853 1493 2882 ,
1507 2805 1562 2878 ubi
1575 2808 1691 2882 odium
1707 2813 1821 2906 pupilli
1833 2842 1906 2888 ver.

308 2907 413 2989 titur,
439 2905 493 2980 seu
506 2913 539 2979 in
552 2907 705 2990 ueteris,
730 2905 772 2978 de
786 2907 913 3002 quaest
925 2907 993 2976 lure
1009 2911 1094 3004 aeg.
1144 2933 1174 2996 3.
1203 2907 1315 2974 Tertia
1340 2901 1521 2974 Hollienlis
1548 2901 1702 2978 sententia
1717 2911 1782 2992 est,
1808 2917 1904 3007 quod

304 3010 475 3096 proximus
490 3008 535 3076 est
550 3029 607 3098 per
621 3027 685 3074 tres
697 3003 766 3074 dits
779 3027 853 3074 ante
864 3041 878 3080 ‚·
900 3002 952 3074 iel
968 3003 1063 3095 poll,
1088 3023 1146 3098 pet
1161 3030 1200 3074 ta
1223 3055 1231 3072 .
1246 3002 1290 3072 ad
1303 3000 1437 3091 nostrum
1451 3026 1517 3073 ext.
1532 3003 1570 3075 de
1584 3005 1804 3098 regularibus,
1829 3038 1901 3112 arg,

305 3103 329 3170 l.
354 3129 384 3190 3·,
401 3107 431 3177 i,
438 3126 512 3201 pter,
526 3102 662 3173 delibet.
676 3103 750 3172 exli,
775 3127 820 3192 ·4.
843 3099 1098 3174 Canonil'larum
1108 3102 1173 3174 Gla
1201 3105 1256 3172 .&
1271 3101 1457 3172 innocentii
1473 3121 1508 3170 ut
1526 3106 1561 3170 δι
1580 3099 1707 3178 Jasonis
1721 3099 1899 3192 sementia,

333 3195 408 3268 uam
424 3205 458 3270 δέ
473 3201 547 3272 alibi
563 3195 691 3272 secums
704 3199 748 3269 est
758 3203 936 3288 Curiatius,
952 3199 1024 3282 eil,
1048 3221 1125 3270 eum
1140 3201 1328 3292 proximum
1338 3193 1500 3291 pubertati
1514 3193 1636 3272 eeuseri
1654 3225 1829 3295 oportere,
1844 3213 1900 3282 eui

301 3220 495 3368 {eremum
513 3293 637 3368 menses
654 3291 710 3368 seu
723 3292 871 3370 senrestre
885 3321 1016 3390 tempus
1034 3296 1074 3366 ad
1088 3296 1294 3392 pubertatem
1314 3293 1426 3378 deest,
1452 3317 1489 3366 ut
1517 3321 1582 3368 rtet.
1607 3324 1675 3370 ext.
1696 3302 1734 3370 de
1758 3303 1896 3417 desprrfi

298 3391 418 3496 impul.
431 3395 743 3499 repromittebatur.
769 3393 1026 3489 idquetluatum
1040 3393 1153 3493 legum
1165 3415 1366 3492 argumento
1381 3441 1391 3470 ‚
1412 3419 1555 3490 quarum
1568 3400 1660 3488 prior
1672 3399 1716 3470 est
1728 3399 1894 3476 Callrllra-
1912 3418 1915 3424 ’

300 3494 350 3575 ti,·
370 3496 403 3563 iu
419 3500 444 3565 i,
462 3521 523 3565 nau
537 3519 663 3565 tanturn
685 3521 739 3580 17.
755 3494 790 3564 iu
799 3519 851 3596 pr.
880 3503 925 3565 D.
941 3494 978 3563 de
990 3493 1131 3584 excusat.
1145 3517 1242 3564 tutor.
1270 3495 1396 3562 Verum
1411 3492 1505 3586 quod
1516 3491 1558 3564 ad
1575 3493 1672 3587 buiris
1697 3495 1776 3594 legis
1792 3525 1895 3600 argu.

297 3613 450 3672 mentum
467 3596 583 3664 attinet
602 3645 612 3675 ,
638 3591 732 3688 qnod
747 3592 799 3662 alii
811 3615 951 3686 quoque
962 3596 1028 3682 jam
1047 3592 1132 3662 reste
1147 3611 1331 3672 monuere,
1356 3591 1556 3662 Callistratus
1571 3591 1615 3664 ibi
1632 3619 1701 3666 non
1713 3593 1889 3676 delinitum

295 3688 425 3774 voluit,
452 3695 530 3786 quis
539 3691 701 3785 pubertati
714 3688 882 3786 proximus
895 3688 1056 3762 dicmdus
1065 3683 1161 3768 ellit,
1186 3694 1279 3782 eujus
1298 3713 1340 3778 ne
1352 3691 1557 3760 mentionem
1571 3691 1707 3788 quidem
1715 3689 1792 3766 facit
1804 3747 1816 3780 ‚
1829 3723 1890 3771 ve.

47 3821 60 3855 r
186 3809 190 3818 ⁴
294 3809 370 3858 tum
388 3785 874 3884 excusationisaquartaturela
888 3792 1132 3860 rationemnon
1148 3785 1355 3870 habendam,
1382 3785 1637 3862 liridelieetaut
1659 3793 1887 3889 priorumpu.

292 3885 452 3980 pillarum
465 3911 540 3956 erar
553 3909 659 3982 prope
675 3886 878 3980 pubertatem
893 3882 956 3969 stt,
976 3888 1022 3958 ita
1034 3905 1070 3956 ut
1091 3879 1237 3956 semestre
1251 3884 1486 3956 tantummodo
1500 3907 1630 3981 tempus
1644 3885 1810 3986 reliquum
1820 3891 1860 3964 stt
1867 3945 1883 3981 ,

291 4001 347 4054 aut
360 4009 476 4056 eorum
486 4009 633 4079 quorum
642 3984 777 4054 tutelam
791 3977 946 4077 suscipere
958 3988 1111 4083 cogitur.
1138 3981 1288 4056 Alterum
1297 4005 1528 4080 argumentum
1538 3977 1717 4059 desumitur
1730 3995 1797 4061 exi.
1805 4015 1884 4093 pre.

287 4085 463 4182 perandum
478 4133 490 4163 e
505 4088 534 4160 §-
561 4087 638 4177 &fi
662 4084 791 4179 quidem
809 4108 841 4152 ι.
867 4085 940 4154 c'ad.
954 4083 992 4153 tie
1002 4081 1170 4171 judiciis,
1196 4077 1251 4150 ulti
1266 4082 1383 4174 pariter
1406 4081 1554 4167 dicitur,
1578 4108 1683 4180 prope
1704 4083 1804 4160 finem
1819 4087 1880 4172 else

291 4195 420 4271 tempus
432 4181 520 4260 litis,
551 4179 572 4250 st
588 4175 731 4252 semestre
747 4202 878 4252 tantum
894 4203 1024 4274 tempus
1040 4176 1171 4275 supersit
1185 4227 1194 4250 .
1224 4185 1350 4250 Verum
1365 4205 1472 4274 neque
1485 4180 1519 4255 id
1532 4181 1573 4262 acl
1589 4208 1658 4254 rem
1683 4182 1760 4257 sarit
1775 4217 1783 4258 t
1798 4213 1874 4283 per.
1944 4185 1950 4254 ζ

288 4276 372 4352 tinet
385 4282 471 4347 enim
487 4279 573 4348 idad
587 4279 693 4350 litium
706 4277 824 4357 fineen,
852 4281 907 4350 ubi
922 4303 959 4350 eu
974 4283 1116 4360 triturato
1130 4279 1309 4374 prestituto
1327 4273 1470 4350 semestre
1487 4303 1617 4354 tantum
1642 4277 1781 4377 superest
1797 4340 1805 4358 .
1832 4293 1873 4360 Et

289 4397 479 4468 quanquam
494 4377 614 4446 lectita
637 4383 769 4472 proprie
791 4377 871 4462 sint,
887 4405 956 4450 non
974 4377 1058 4450 male
1080 4401 1189 4450 tamen
1210 4377 1276 4448 hac
1300 4379 1335 4448 in
1352 4400 1585 4476 argumentum
1610 4381 1686 4452 duci
1707 4379 1839 4474 pellitur
1858 4435 1868 4457 .

283 4475 412 4558 Quinta
424 4499 540 4544 earum
553 4475 597 4544 ell
613 4470 767 4546 sententia
781 4513 801 4554 ψ
815 4481 874 4570 qui
902 4481 1040 4551 terrum
1059 4476 1364 4560 &tumme-'liumus
1374 4475 1430 4558 laic
1445 4481 1637 4572 requirunt,
1661 4503 1742 4574 puta
1757 4506 1794 4554 ut
1803 4509 1875 4576 pu«,
2047 4573 2050 4580 Ι

282 4569 379 4666 pilius
401 4597 476 4643 eum
492 4594 589 4670 agat,
614 4573 965 4668 velcetteexpleverita
991 4581 1024 4646 br
1040 4573 1081 4647 lit
1096 4579 1285 4670 proximum
1310 4574 1471 4670 pubertati
1495 4579 1676 4673 accipiunt,
1701 4583 1760 4674 qui
1774 4605 1870 4654 aune
1948 4641 1959 4652 ,

281 4669 385 4742 ferme
397 4697 416 4739 a
429 4669 597 4766 pubertate
609 4669 720 4756 abeli,
747 4697 782 4744 ur
796 4679 831 4744 in
846 4673 1040 4746 illol'oetae,
1336 4753 1341 4760 ,
1368 4721 1390 4736 --
1556 4719 1563 4734 ,
1670 4717 1672 4724 ·

330 4772 482 4846 Alterui
493 4770 657 4847 unduimr
670 4796 740 4848 ruere
752 4777 885 4864 aretem
896 4797 1019 4880 ceperat
1031 4799 1149 4856 mnus:
1161 4774 1230 4874 ¹ulai
1243 4779 1371 4864 Servius
1385 4769 1785 4897 Grammadtue‚.prqepl
1797 4775 1860 4958 ripp-

1848 4907 1870 4958 0
