4632 5916
318 179 366 234 ²
466 215 500 360 ἰ

395 373 691 464 ···„.

430 585 504 659 tm
801 559 1669 646 JACOBIGOTHOFREDI
1842 641 1848 652 ,

430 672 488 744 stu
516 670 528 758 (
539 688 618 740 cum
635 655 884 758 impossibilium
907 661 997 734 nulia
1012 657 1172 757 obligatio
1188 657 1253 744 fit,
1279 665 1302 732 l.
1321 661 1400 733 188.
1415 661 1615 755 informe.)
1643 662 1876 738 verumetiam
1900 693 1941 740 ne
1962 669 2042 768 qui-

431 769 508 842 dem
526 765 743 850 testamento,
770 759 863 844 nulio
892 765 906 850 (
917 757 1095 856 quamlibet
1112 761 1231 850 enixo)
1261 759 1419 842 testatoris
1441 759 1627 844 mundato,
1652 767 1679 838 §.
1695 793 1730 852 4.
1747 765 1822 855 lnfl.
1844 768 1989 869 delegat.
2015 773 2039 848 1,

420 873 453 964 fi
461 867 559 966 quis,
591 891 671 940 ιιι.
687 865 716 940 i.
727 866 759 958 ss
769 858 842 959 quit
858 891 890 955 ς.
907 871 953 935 D.
969 859 1007 932 dt
1019 863 1078 960 leg.
1094 885 1125 930 ι.
1145 857 1357 959 obligationis
1372 856 1491 932 scilicet
1506 860 1724 956 appellatione
1737 862 1772 934 id
1784 864 1837 936 hic
1849 867 2041 968 intelligett-

429 965 599 1049 domest,
626 964 747 1060 pariter
766 986 802 1032 ut
818 966 842 1034 l.
863 988 916 1052 ¹4·
929 959 1029 1062 ftrpra
1044 963 1075 1032 h.
1088 983 1114 1030 t.
1132 957 1207 1029 vide
1223 967 1257 1028 δι
1274 964 1296 1030 l.
1318 961 1372 1030 18.
1391 961 1484 1040 Νι
1497 963 1590 1061 legat.
1607 989 1640 1040 2·
1930 993 1933 1008 ι

438 1129 442 1136 .
480 1075 595 1156 Quare
622 1067 634 1154 (
650 1065 709 1158 qui
723 1055 798 1134 usus
813 1060 857 1132 est
873 1062 969 1151 hujus
984 1063 1098 1158 Reg.)
1126 1080 1163 1128 ut
1180 1055 1247 1128 obli
1271 1059 1339 1128 atio
1353 1061 1444 1140 itu&
1459 1058 1603 1158 legatum
1615 1063 1660 1132 tei
1675 1063 1720 1130 in
1735 1061 1940 1158 impoffibilis
1954 1065 2037 1142 adeo

430 1167 521 1240 nulla
541 1159 639 1246 sunt,
666 1181 704 1230 ut
720 1156 909 1254 nequidem
922 1159 1092 1228 aestimatio
1104 1161 1172 1248 ejus
1186 1160 1232 1228 rei
1246 1085 1421 1230 debeatur:
1446 1161 1601 1254 Denique
1614 1159 1691 1232 litus
1706 1183 1799 1246 arat,
1816 1167 1875 1259 qui
1889 1191 1958 1240 rem
1971 1169 2037 1238 im-

430 1262 615 1362 poffibilem
630 1283 666 1334 ut
680 1263 715 1331 in
732 1257 969 1358 obligationem
980 1261 1024 1329 ita
1039 1264 1074 1328 δι
1089 1259 1123 1328 in
1137 1254 1282 1356 legatum
1296 1255 1429 1340 deducit
1442 1285 1454 1340 ς
1481 1263 1520 1328 Et
1536 1285 1615 1330 tero
1627 1257 1669 1330 ad
1681 1261 1876 1334 Tramatum
1898 1268 1938 1338 dt
1950 1273 2037 1366 lega.

431 1365 474 1440 ris
487 1365 573 1444 hanc
587 1366 676 1460 Reg.
694 1353 970 1456 referendumesse
984 1379 1218 1458 argumentum
1233 1362 1304 1446 ejus
1319 1352 1391 1428 iibri
1403 1411 1417 1444 ,
1441 1357 1531 1428 unde
1542 1357 1611 1440 haec
1632 1357 1682 1429 lex
1694 1353 1923 1454 desumptaest
1938 1411 1949 1445 ,
1972 1367 2039 1440 do.

431 1487 504 1546 cet:
520 1487 639 1556 nempe
656 1457 744 1532 Pauli
760 1455 840 1532 liber
854 1461 967 1532 tertius
981 1455 1023 1528 ad
1037 1454 1207 1544 ¹Vitellium
1222 1477 1401 1550 occupetur
1419 1453 1480 1526 fuit
1494 1459 1528 1526 in
1536 1479 1739 1554 ¹argumento
1752 1459 1793 1530 de
1808 1459 1920 1560 legatis
1949 1469 1962 1554 (
1976 1491 2035 1560 pa.

381 1643 384 1650 ,
431 1569 511 1638 riter
529 1585 566 1634 ut
581 1556 766 1651 secundus)
795 1581 832 1629 ut
847 1555 945 1638 docet
962 1561 1015 1628 lex
1030 1583 1065 1638 ι.
1081 1567 1120 1638 d*
1136 1583 1194 1648 50.
1212 1565 1256 1636 D.
1272 1556 1311 1626 de
1324 1555 1479 1647 ufirfrud.
1496 1560 1519 1628 1.
1537 1585 1569 1648 3.
1586 1567 1625 1640 όν
1647 1561 1671 1629 l.
1686 1557 1759 1646 usus
1774 1581 1848 1660 pars
1866 1586 1921 1648 19.
1940 1566 2038 1643 D.,dr

429 1663 504 1754 usit,
517 1665 540 1733 I.
551 1669 610 1752 46.
625 1657 716 1732 mdc
726 1659 819 1730 cond.
838 1669 877 1742 d*
889 1657 1038 1752 demonss.
1052 1661 1076 1732 l.
1088 1681 1145 1728 22.
1161 1665 1206 1729 D.
1216 1654 1405 1749 delionlib.
1421 1652 1477 1730 Ad
1487 1653 1574 1738 hanc
1587 1677 1698 1732 autem
1710 1653 1812 1753 ipsam
1827 1651 1968 1754 speciem
1983 1689 2037 1738 te·
2140 1716 2143 1720 »
2246 1709 2249 1716 -

429 1758 563 1844 ferenda
576 1760 620 1830 est
636 1763 688 1838 bx
705 1761 785 1852 183.
801 1760 830 1835 ὗ.
853 1785 882 1839 ι.
897 1758 1008 1851 infra.

476 1865 647 1946 Ceterum
663 1880 758 1936 caute
769 1860 813 1930 ait
827 1857 899 1942 lex,
925 1858 1011 1956 quod
1023 1855 1141 1936 nullius
1152 1855 1204 1951 effe
1211 1858 1327 1964 potest:
1353 1857 1468 1945 idest,
1496 1857 1520 1932 st
1539 1856 1609 1932 talis
1623 1856 1660 1932 stt
1674 1883 1723 1932 res
1738 1883 1812 1956 quae
1822 1881 1880 1931 aut
1893 1883 2010 1936 natura
2021 1883 2036 1950 ,·

430 1984 488 2036 aut
501 1966 572 2058 jure
589 1961 765 2060 gentium,
791 1981 848 2030 aut
863 1956 1013 2053 moribus
1035 1961 1175 2031 civitatis
1195 1964 1326 2055 penitus
1341 1983 1429 2032 extra
1449 1963 1690 2033 commercium
1704 1955 1766 2032 fit:
1791 1958 1935 2056 denique
1943 1960 1972 2050 ii
1988 1966 2035 2040 rei

431 2085 503 2138 non
521 2058 559 2130 stt
571 2060 811 2132 commercium
823 2091 837 2138 ,.·
863 2057 966 2138 Aliud
977 2059 1065 2136 enim
1079 2057 1176 2138 fuerit
1192 2111 1204 2144 ‚
1231 2055 1406 2152 fitlicujus
1422 2083 1555 2134 tantum
1569 2054 1715 2155 respectu
1730 2111 1742 2144 ,
1769 2083 1817 2130 res
1830 2083 1918 2130 extra
1932 2063 2032 2160 bom·

430 2162 591 2244 mercium
606 2155 660 2240 fit:
684 2155 768 2232 Sunt
778 2161 867 2252 eni-m
882 2181 975 2238 certa:
986 2152 1146 2252 personae,
1160 2183 1233 2254 quae
1245 2183 1356 2230 rerum
1371 2183 1535 2234 certarum
1547 2161 1789 2236 commercium
1803 2183 1873 2230 non
1889 2158 2032 2247 babent,

429 2283 537 2426 qunrle1
548 2261 654 2430 pbotest
673 2259 805 2424 testaltot
818 2283 889 2330 tem
902 2256 1010 2430 legalrse
1024 2255 1120 2336 alicui
1133 2259 1267 2353 capaci,
1287 2265 1380 2354 cujm
1393 2258 1442 2330 vel
1455 2253 1524 2354 ipse
1537 2255 1589 2330 vel
1604 2263 1672 2352 ejus
1686 2257 1776 2332 heres
1792 2258 2034 2336 commercium

369 2421 377 2448 ³
431 2378 646 2542 ²wibuinierirb
659 2383 735 2526 biit
751 2363 1070 2550 bc3c4dstr¹b⁸quiddss
1093 2454 1217 2551 quibus
1231 2455 1286 2528 etfi
1302 2469 1353 2530 res
1369 2451 1436 2553 ipsa
1453 2454 1561 2556 legata
1585 2453 1729 2556 legatarii
1745 2451 1804 2528 esde
1820 2481 1890 2528 uon
1904 2443 2003 2552 poffit
2017 2507 2032 2544 ‚

392 2593 401 2638 ·.
432 2575 552 2650 utpote
567 2559 658 2645 cujus
672 2555 806 2655 incapax
820 2551 879 2639 fit,
896 2553 942 2627 ob
957 2557 1002 2626 tei
1017 2553 1209 2650 qualitatem
1224 2607 1235 2635 ,
1250 2557 1502 2634 conditionem,
1517 2555 1660 2649 durique
1674 2581 1734 2651 per
1745 2547 2031 2650 consequentiam,

347 2650 352 2662 ’
431 2660 621 2746 eiuntamen
634 2651 801 2724 estimatio
815 2651 971 2752 legatario
980 2651 1162 2729 debeatur:
1189 2660 1229 2730 Et
1243 2653 1399 2728 hastenus
1413 2661 1482 2746 ejus
1495 2680 1544 2729 res
1560 2653 1627 2726 fieti
1643 2656 1748 2750 potest
1763 2707 1774 2739 ,
1802 2647 1856 2724 stu
1868 2649 2030 2753 obligatio

352 2845 355 2852 Ι
430 2753 671 2850 testatorisqua
684 2752 836 2836 heredem
851 2751 985 2832 domum
1004 2749 1058 2828 seu
1071 2752 1195 2856 obligat
1221 2756 1283 2843 (d.
1296 2760 1321 2838 l·
1332 2783 1391 2846 49·
1408 2760 1435 2834 §-
1448 2784 1478 2848 3.
1489 2762 1505 2846 )
1534 2751 1569 2830 id
1590 2747 1718 2832 efficere
1741 2751 1851 2836 valet,
1876 2773 1915 2822 ut
1926 2757 1950 2826 ἱ.
1965 2780 2025 2843 4ο.

436 2875 515 2940 114.
539 2857 566 2930 §-
585 2879 618 2942 5.
636 2861 682 2924 D.
698 2853 807 2954 deieg.
828 2881 858 2925 1.
887 2852 1016 2942 Quibus
1037 2877 1148 2928 tamen
1168 2854 1272 2953 vulgo
1287 2858 1470 2950 opponitur
1491 2860 1544 2929 lex
1554 2881 1614 2942 49.
1633 2857 1663 2931 §-
1682 2881 1713 2926 2.
1735 2861 1782 2928 D.
1798 2851 1837 2928 dc
1851 2855 1911 2951 leg.
1929 2878 1962 2924 2.
1986 2853 2030 2932 de

431 2973 502 3046 quo
517 2949 591 3022 vide
605 2953 780 3042 Cujocium
794 2951 918 3024 recitat.
932 2955 977 3024 ad
990 2955 1022 3025 d.
1038 2957 1061 3026 l.
1077 2983 1138 3046 49.
1153 2977 1188 3056 p.
1207 2956 1313 3048 2328.
1335 2961 1370 3025 dc
1385 2950 1686 3047 Cujacio-Robert.
1706 2951 1762 3024 lib.
1780 2979 1810 3044 3.
1823 2973 1893 3064 cap.
1912 2975 1968 3024 ιι.

480 3055 526 3122 Ex
539 3047 588 3122 his
601 3075 675 3147 qun:
691 3045 835 3220 superius
849 3050 936 3122 dicta
956 3047 1055 3143 sunt,
1081 3074 1213 3149 apparet
1236 3052 1334 3146 hujus
1358 3059 1445 3154 Reg.
1462 3047 1580 3151 species
1604 3077 1673 3124 non
1687 3052 1772 3122 reste
1784 3073 1867 3144 pont
1879 3052 1914 3120 in
1930 3047 2028 3125 rubin

431 3171 505 3244 quae
519 3147 701 3246 divifitnem
729 3153 762 3221 ui
778 3173 893 3222 nature
906 3177 976 3223 non
990 3157 1173 3248 recipiunt,
1199 3150 1301 3224 veluti
1319 3147 1396 3226 usus
1411 3207 1424 3241 ,
1450 3158 1543 3247 cujus
1556 3177 1630 3249 pars
1647 3149 1747 3250 legari
1761 3175 1831 3222 non
1845 3149 1978 3244 potest,
2002 3153 2027 3227 l.

430 3249 505 3342 ufhs
514 3273 588 3352 pars
605 3277 660 3338 19.
676 3259 727 3332 D.
737 3250 867 3348 densa.
884 3259 1000 3339 Quam
1016 3248 1155 3350 speciem
1167 3253 1221 3340 hic
1232 3256 1371 3349 apponit
1385 3258 1422 3328 Ρ.
1437 3251 1537 3336 faber
1549 3278 1618 3351 arg.
1629 3235 1705 3331 iibri
1726 3279 1757 3345 3.
1774 3246 1816 3319 ad
1829 3245 2025 3334 Vitellium,

431 3347 519 3418 unde
531 3348 599 3421 hec
612 3353 697 3449 Reg.
715 3353 750 3422 δι
764 3351 797 3421 d.
812 3354 835 3422 l.
847 3350 918 3441 ψει
933 3379 945 3422 ι
953 3381 988 3442 9.
1006 3347 1142 3450 sumpte
1153 3347 1247 3426 sunt:
1274 3358 1354 3426 Haec
1365 3356 1453 3426 enim
1468 3359 1553 3454 Reg.
1571 3351 1615 3424 est
1627 3349 1668 3424 de
1683 3347 1779 3423 rebus
1793 3395 1803 3429 ‚
1826 3374 1891 3446 que
1905 3347 2025 3424 nuliius

428 3441 633 3560 diepoisunt
648 3503 661 3537 2
674 3445 742 3538 ,seu
763 3451 999 3552 quamicnjus
1010 3451 1081 3541 fieti
1096 3481 1168 3542 non
1183 3447 1317 3555 poffuut
1334 3503 1345 3548 ,
1368 3479 1440 3538 uun
1453 3453 1494 3528 de
1507 3453 1558 3536 bis
1580 3477 1646 3558 qur
1657 3447 1841 3550 divifionrm
1854 3471 1927 3524 uon
1942 3451 2028 3538 teci2

424 3565 527 3666 pium
543 3597 553 3624 ι
1848 3592 1858 3608 .
