4632 5916
1098 111 1102 120 ι
1155 93 1200 122 '⁸1'

1061 145 1069 160 “
1144 117 1214 148 ,μα’

994 189 999 198 ”
1073 153 1200 225 ..0¹5²st

1073 227 1078 236 .
1126 209 1140 252 r:
1194 235 1202 252 Ι

1130 285 1153 304 Η

881 259 920 308 ὦ..
1029 263 1051 316 'fl

820 345 869 440 ‘fl

546 515 617 584 ιι
831 467 860 516 ³
950 496 1816 576 Jnconroornornror

550 609 669 680 ditatio
683 599 847 676 relidaest
862 653 874 684 ,
900 601 934 672 in
953 599 1039 670 diem
1060 595 1111 668 vel
1123 590 1185 666 sub
1194 590 1387 666 conditione
1401 643 1411 673 ,
1437 591 1490 676 vel
1505 595 1587 690 quit
1601 619 1650 666 res
1665 596 1725 666 alit
1743 597 1846 698 legata
1862 603 1896 671 in
1909 599 1999 672 diem
2012 599 2064 676 vel
2081 597 2143 678 sub

548 707 770 782 conditione,
793 726 866 797 quoe
887 707 922 771 ὅ(
938 699 1094 770 dicuntur
1110 719 1146 766 ex
1165 686 1239 765 casu
1251 739 1267 770 ,
1288 691 1322 764 id
1335 693 1403 772 est,
1427 687 1574 764 excausa
1597 692 1733 788 implexa
1745 695 1892 782 'auferri,
1915 705 1940 773 1.
1959 727 2038 793 ¹39·
2059 708 2088 780 §.
2108 733 2134 780 ι,

539 807 615 908 sup.
632 807 663 876 h.
676 828 704 875 ι.
728 807 809 872 Sane
831 799 879 870 hae
898 821 1036 896 quoque
1055 819 1105 865 res
1120 815 1249 870 omnes,
1264 812 1344 886 puta
1361 845 1372 875 ,
1397 793 1435 862 in
1449 791 1539 862 diem
1551 789 1708 877 addictae,
1725 794 1885 870 statuliber
1902 852 1912 882 ‚
1939 803 2035 871 resin
2052 802 2139 878 diem

550 911 585 975 δι
598 898 656 974 sub
671 899 862 974 conditione
877 898 980 996 legata
997 949 1007 978 ‚
1032 893 1169 965 interim
1205 887 1315 960 uidem
1330 889 1451 961 heredis
1464 885 1540 960 sunt
1560 889 1768 966 &debitoris
1785 919 1798 964 t
1820 903 1871 966 lta
1887 917 1996 970 tamen
2012 896 2086 972 sunt
2102 925 2137 974 ut

539 1007 681 1106 persedit.
694 1027 766 1072 non
781 995 843 1074 srnr
859 1046 872 1079 n
894 998 971 1092 quia
983 1019 1022 1064 ert
1034 985 1127 1063 causa
1140 913 1261 1059 auierri
1274 988 1329 1059 vei
1339 985 1429 1060 abire
1441 983 1593 1082 poffunt,
1618 989 1670 1060 vel
1683 990 1753 1064 alio
1763 1015 1914 1088 emptore
1926 997 2000 1091 pius
2012 997 2134 1072 licitan.
2251 1019 2253 1086 ς

545 1121 599 1186 te,
626 1101 677 1173 vel
690 1099 743 1170 die
757 1121 813 1170 aut
825 1095 1020 1170 conditione
1034 1090 1206 1164 existente.
1228 1091 1294 1160 His
1303 1087 1387 1160 adde
1399 1095 1437 1157 δι
1450 1082 1583 1158 servum
1590 1113 1683 1158 noxae
1692 1090 1866 1176 deditum,
1881 1095 2044 1188 peculium
2056 1101 2133 1172 item
2251 1087 2253 1150 ἕ

543 1194 627 1272 servi
644 1199 696 1272 vel
708 1196 844 1270 filiifam.
861 1194 1070 1292 nequeenim
1085 1189 1151 1260 haec
1165 1188 1299 1282 propria
1312 1182 1407 1258 sunt:
1432 1185 1607 1280 dequibus
1621 1187 1825 1264 &similibus
1843 1196 1895 1262 tex
1905 1218 1971 1267 nm
1983 1196 2132 1270 videntur

414 1329 418 1337 .
452 1369 466 1398 l
548 1299 607 1392 83,
623 1294 984 1402 firp.accipiendrest,
1007 1289 1068 1362 ubi
1081 1287 1158 1359 vide
1173 1311 1246 1382 quae
1261 1283 1347 1358 dixi.
1374 1295 1414 1358 In
1433 1285 1486 1358 his
1500 1289 1641 1382 inquam·
1663 1285 1759 1362 bonis
1783 1313 1920 1388 quoque
1937 1294 2033 1388 hujus
2047 1301 2128 1398 Reg.

544 1393 665 1492 species
681 1400 783 1492 aptari
798 1396 928 1490 potest:
955 1388 1010 1462 etsr
1026 1389 1163 1484 propria
1175 1384 1228 1456 illa
1240 1383 1278 1456 srt
1294 1411 1395 1482 quam
1418 1384 1483 1457 dixi
1497 1437 1514 1466 .
1534 1385 1576 1456 de
1595 1382 1692 1458 bonis
1711 1391 1855 1484 inquam
1868 1391 2028 1466 debitoris
2039 1395 2129 1490 ipsius
2251 1411 2253 1486 ᾗ

544 1501 686 1592 propriis
699 1493 792 1566 abeo
807 1491 1000 1588 hypothecae
1013 1489 1101 1558 nexis
1116 1533 1126 1566 r
1149 1507 1316 1580 quantum
1327 1480 1446 1557 scilicet
1459 1491 1479 1562 J
1481 1487 1592 1555 uririn
1605 1485 1656 1556 his
1669 1481 1736 1582 ipse
1747 1492 1816 1574 rei,
1841 1483 1895 1560 seu

543 1599 682 1678 minus,
706 1592 740 1664 id
756 1594 827 1676 est,
850 1589 1003 1666 debitor,
1025 1585 1189 1678 interdum
1212 1584 1271 1674 (id
1284 1585 1355 1670 est,
1378 1583 1599 1656 intercedunt
1613 1639 1630 1669 ‚
1652 1579 1707 1656 seu
1720 1588 1876 1679 interim)
1900 1519 2035 1671 micat,
2061 1618 2128 1688 quo
2251 1645 2253 1650 ,

1909 1496 1941 1586 pi
1968 1493 2129 1565 norisdo·
2251 1495 2253 1550 i

538 1675 634 1766 ¹sensu
650 1720 714 1764 vox
727 1747 742 1778 ,
761 1691 923 1764 interdum
939 1737 952 1770 .
974 1681 1054 1782 saepe
1068 1687 1169 1759 etiam
1181 1683 1270 1780 apud
1284 1683 1464 1780 Apuleium
1479 1737 1495 1768 ,
1519 1687 1726 1781 (Pomponii
1734 1681 1962 1764 Iurisconsulti
1975 1691 2129 1785 equalem

539 1785 594 1862 seu
611 1799 840 1884 coaeraneunr)
864 1783 1010 1883 aliosque
1023 1813 1093 1859 non
1107 1781 1203 1856 semel
1217 1787 1391 1880 accipitur.
1418 1777 1503 1854 Ideo
1510 1777 1630 1855 scholia
1643 1787 1747 1856 Graeci
1764 1783 1817 1858 hic
1831 1809 1967 1859 vertunt
1978 1817 2005 1858 tv
2018 1817 2058 1858 ro
2072 1819 2129 1874 μι-
2213 1815 2215 1823 ’

540 1895 619 1978 regu
631 1890 760 1964 interim
776 1919 785 1961 ε
810 1915 887 1962 cum
901 1881 969 1984 ipsa
981 1885 1110 1957 Brfilica
1121 1881 1263 1955 habeant
1278 1932 1293 1964 ,
1315 1893 1375 1952 ιιᾶ
1388 1911 1437 1952 ort
1450 1883 1554 1954 dum.
1565 1887 1618 1954 De
1630 1883 1801 1966 debitore,
1819 1887 1955 1980 inquam
1974 1943 1984 1972 ,
2000 1892 2034 1958 δι
2046 1913 2129 1983 prae.

538 1988 595 2060 dio
609 1990 650 2061 ab
661 2019 702 2062 eo
719 1989 866 2086 obligato
880 1989 914 2058 id
926 1988 1085 2084 quaeritur
1096 2037 1111 2068 ,
1132 2005 1247 2054 utrum
1263 2006 1331 2054 tem
1345 1977 1571 2076 hujuscemodi
1587 1986 1717 2055 interim
1731 1984 1895 2057 vindicare
1913 1981 2013 2080 ipseo
2032 1990 2128 2060 tertio

537 2083 709 2182 possessore
721 2088 823 2184 poffit
839 2107 849 2158 ι
876 2085 916 2158 Id
929 2084 1026 2182 quod
1038 2085 1098 2156 hae
1112 2090 1199 2180 neg.
1214 2077 1380 2154 alsetitur.
1409 2081 1567 2178 Idemque
1579 2078 1688 2177 ipsum
1703 2089 1738 2154 δι
1751 2082 1792 2154 de
1808 2081 1910 2156 altero
1925 2085 1982 2156 illo
2000 2135 2010 2164 ,
2034 2084 2123 2182 quod

534 2185 621 2266 diri,
648 2187 817 2260 bonorum
832 2212 949 2288 genere
963 2185 1027 2257 dici
1039 2185 1170 2279 potest,
1198 2187 1364 2277 nempe&
1381 2209 1418 2252 ea
1431 2183 1566 2253 interim
1577 2179 1734 2254 vindicati
1745 2179 1858 2277 posse:
1878 2187 1964 2256 Non
1975 2183 2048 2256 ideo
2067 2187 2122 2258 mi·

534 2310 597 2356 nus
612 2280 743 2370 scilicet,
758 2308 795 2356 ut
810 2288 959 2357 nostrum
973 2285 1106 2355 interim
1120 2279 1337 2362 vindicamus,
1351 2279 1445 2376 quod
1453 2279 1540 2354 abire
1552 2279 1678 2366 nobis,(
1688 2279 1723 2352 id
1731 2281 1993 2362 'estnbiturum'a
2008 2284 2120 2376 nobis)

534 2381 724 2456 dominium
738 2380 912 2478 speratur,
936 2384 968 2454 d.
980 2388 1003 2454 t.
1030 2408 1092 2454 non
1105 2378 1173 2453 ideo
1192 2391 1252 2451 66.
1271 2391 1318 2453 D.
1332 2383 1369 2450 de
1385 2389 1427 2452 R.
1443 2391 1486 2452 V.
1506 2387 1548 2452 ln
1567 2383 1616 2452 rei
1630 2374 1751 2454 scilicet
1762 2379 1984 2456 vindicatione
1997 2379 2068 2454 saris
2082 2383 2121 2454 est

534 2507 604 2552 rem
619 2479 709 2555 suam
723 2479 806 2567 effe,
831 2481 888 2554 etsr
902 2480 1042 2578 perfedte
1057 2477 1112 2550 sua
1124 2507 1193 2552 non
1211 2477 1276 2564 stt,
1301 2500 1339 2548 ut
1352 2477 1471 2549 dicitur
1495 2481 1529 2548 d.
1543 2483 1569 2548 l.
1587 2505 1664 2568 139⁴·
1681 2483 1709 2554 §.
1728 2505 1762 2550 t.
1785 2486 1826 2550 Et
1848 2481 1920 2553 haec
1929 2479 1974 2556 de
1982 2481 2124 2555 vindica·

537 2583 653 2655 tione.
681 2585 904 2656 SECUNDO
917 2585 1101 2678 queritur,
1127 2603 1243 2650 utrum
1254 2587 1325 2650 erm
1342 2601 1440 2654 rem,
1463 2576 1646 2672 predium,
1673 2579 1838 2672 inquam,
1864 2607 1883 2652 a
1901 2607 1954 2654 me
1968 2581 2125 2676 hypothe-

532 2703 578 2749 ιιι
602 2707 720 2752 nexum
733 2684 864 2754 interim
878 2682 1016 2752 alienare
1029 2732 1042 2763 ‚
1055 2671 1154 2774 dequ'e
1168 2707 1200 2749 ιι
1216 2677 1374 2780 disponere
1370 2701 1423 2846 lpo
1444 2687 1516 2748 tm?
1531 2673 1570 2746 ld
1584 2674 1680 2772 quod
1692 2676 1752 2748 hnc
1769 2683 1855 2778 Reg.
1869 2676 2031 2752 ass'eritur:
2047 2689 2122 2751 Cere

523 2775 589 2866 fita
606 2781 702 2870 caufir
718 2803 852 2864 tamen,
876 2779 995 2863 idest,
1022 2803 1102 2849 cum
1122 2777 1315 2849 conditione
1336 2802 1369 2846 re
1383 2775 1533 2859 olutiva,
1561 2771 1804 2847 eommifforia:
1832 2778 1939 2866 Quod
1960 2780 2013 2850 hic
2031 2773 2120 2870 subji-

528 2877 683 2950 ciendum
701 2885 736 2948 δι
751 2877 939 2950 addendum
952 2877 1026 2974 post
1043 2876 1270 2948 Placentinum
1284 2877 1370 2944 reete
1384 2877 1515 2944 monuit
1529 2872 1725 2954 Aecursrus,
1741 2875 1914 2949 Aibericus
1927 2931 1938 2962 ‚
1951 2903 2033 2950 cum
2045 2903 2119 2948 one·
2202 2903 2205 2912 ⁴

531 2999 566 3046 tc
580 2969 638 3047 suo
655 3002 734 3049 cum
749 2977 886 3048 vinculo
909 2977 1084 3076 pignoris,
1109 2979 1132 3046 I.
1146 2973 1312 3066 debitorem
1333 2999 1387 3064 15.
1414 2974 1490 3044 Cod.
1508 2975 1547 3044 de
1557 2972 1713 3077 pignorib.
1743 2980 1767 3046 l.
1785 3003 1842 3048 un.
1862 2978 1941 3050 Cod.
1953 3005 2019 3047 rem
2030 2975 2120 3048 alien.
2187 2989 2189 2994 '

303 3145 307 3152 .
346 3073 348 3080 ’
408 3071 446 3144 ³.
520 3073 673 3172 gerenti.
702 3075 806 3163 Quod
822 3069 895 3148 sane
909 3099 945 3146 ur
959 3102 1044 3146 voce
1055 3077 1346 3156 INTERDUM,
1372 3066 1445 3142 {itis
1462 3073 1710 3151 indicatur,ita
1723 3077 1821 3148 etiam
1834 3079 2038 3170 Pomponius
2049 3071 2122 3146 sub·

454 3183 474 3230 ἠ
529 3178 648 3265 jecerat
661 3169 714 3246 seu
727 3173 915 3254 addiderat,
940 3175 1042 3270 idque
1055 3195 1130 3246 toto
1146 3179 1165 3251 J
1169 3198 1226 3244 ure
1240 3170 1339 3245 Civili
1353 3175 1398 3253 ita
1421 3165 1451 3240 se
1465 3171 1588 3244 habere
1594 3157 1760 3266 scripserat
1773 3227 1785 3256 ,
1810 3179 1833 3246 l.
1841 3175 1992 3246 alienatio
2009 3185 2064 3264 67.
2079 3184 2123 3248 D.

475 3285 498 3354 ’ᾔ
531 3272 569 3340 de
582 3275 722 3346 cannah.
738 3298 834 3377 empt.
863 3279 875 3364 i
890 3299 963 3369 quae
980 3273 1057 3344 huic
1070 3273 1184 3344 nostrae
1201 3321 1211 3352 ‚
1240 3296 1300 3342 ceu
1311 3297 1350 3342 tr
1364 3266 1480 3342 todem
1497 3269 1582 3342 libro
1598 3265 1793 3366 desumpto,
1821 3273 2053 3374 coniungendo
2067 3299 2125 3346 ve⁴¹
2192 3362 2194 3370 Ι

436 3406 439 3416 v
526 3371 579 3448 nit
593 3379 629 3462 :)
658 3373 851 3454 Alienario,
879 3376 1018 3469 inquit,
1041 3375 1188 3466 cumfit,
1214 3399 1290 3442 cum
1306 3371 1369 3460 fita
1383 3371 1478 3460 causa
1493 3367 1669 3442 dominum
1696 3372 1740 3440 ad
1762 3372 1867 3444 alium
1880 3373 2123 3467 transferimus,

525 3495 591 3564 qur
603 3469 669 3562 effer
677 3475 798 3564 futura·
815 3521 825 3552 ‚
840 3475 969 3575 fiapud
983 3500 1035 3542 nos
1050 3499 1087 3542 ιιι
1100 3471 1270 3566 manfiffet.
1298 3469 1403 3564 quue
1426 3492 1492 3540 ιιιι
1507 3478 1589 3560 Jure
1608 3467 1712 3540 civiti
1733 3473 1779 3541 ita
1793 3467 1825 3543 se
1843 3473 1963 3557 habet,
1990 3497 2121 3569 preter·
2252 3505 2253 3538 ;

526 3591 628 3660 quam
645 3567 666 3638 st
690 3569 815 3665 aliquid
832 3573 1030 3642 nominatim
1053 3567 1090 3639 fit
1104 3573 1319 3642 constitutum
1336 3623 1344 3642 .
1373 3577 1486 3656 Quare
1511 3567 1616 3664 potest
1629 3564 1760 3640 debitor
1781 3568 1922 3644 fundum
1937 3599 1955 3642 a
1970 3569 2002 3644 se
2015 3573 2120 3666 hypo·
2251 3643 2253 3652 A

523 3665 624 3740 thece
639 3667 822 3769 obligatum
834 3673 967 3742 interim
981 3668 1143 3754 alienare,
1172 3665 1227 3742 sed
1241 3695 1320 3740 cum
1334 3663 1387 3738 sua
1403 3663 1520 3752 causa,
1543 3667 1617 3764 quit
1627 3671 1760 3762 propria
1772 3669 1868 3764 hujus
1884 3670 1907 3743 l.
1924 3667 2038 3765 species
2052 3672 2121 3744 est.

523 3769 709 3852 Quomodo
725 3823 736 3853 ,
762 3795 800 3842 ut
827 3797 864 3841 ert
879 3770 983 3842 altero
1007 3768 1062 3842 illo
1078 3767 1248 3841 bonorum
1273 3793 1391 3867 genere
1409 3766 1595 3862 exemplum
1611 3791 1838 3861 apponamus,
1863 3773 1971 3864 potest
1984 3779 2018 3842 δι
2029 3771 2121 3841 heres

521 3865 652 3934 interim
674 3869 919 3954 statuebam,
945 3875 1004 3964 qui
1029 3870 1118 3942 abire
1138 3869 1270 3965 potest,
1297 3867 1458 3950 alienare,
1485 3869 1520 3936 in
1542 3861 1687 3938 solutum
1703 3867 1803 3951 dare,
1830 3866 1874 3940 fic
1894 3891 2004 3942 tamen
2017 3866 2118 3940 utvei
2164 3885 2167 3891 '

521 3958 684 4032 statuliber
697 3971 840 4054 emptori
857 3995 949 4040 novo
965 4019 977 4048 ‚
1003 3969 1097 4065 quod
1111 3967 1188 4040 dare
1203 3963 1301 4060 juffus
1317 3967 1361 4037 est
1377 4013 1386 4041 ι
1400 3965 1450 4038 vel
1466 3992 1500 4038 re
1514 3987 1569 4038 rut
1583 3965 1776 4038 conditione
1789 3968 1938 4040 existente
1949 3965 2120 4040 danduli*

521 4055 578 4130 ber
592 4057 646 4129 firr
659 4087 666 4130 :
680 4059 712 4130 id
729 4060 824 4154 quod
836 4059 905 4156 lege
917 4071 994 4134 ΧΗ.
1010 4067 1212 4138 Tabularum
1226 4069 1426 4138 nominarim
1441 4059 1713 4160 comprehensum
1726 4063 1850 4147 fuerat,
1863 4085 1898 4134 ut
1910 4065 1998 4134 ide'm
2016 4072 2118 4138 Pom·

402 4201 407 4208 ·
518 4158 739 4254 poniuslibris
754 4156 796 4230 ad
809 4163 926 4247 Quint.
941 4165 1096 4230 Mucium
1109 4163 1236 4244 docet,
1259 4168 1283 4232 l.
1305 4189 1361 4247 29.
1379 4167 1407 4237 §.
1428 4174 1521 4234 1.D.
1538 4166 1574 4234 de
1580 4161 1758 4253 statuliber.
1797 4161 2041 4235 Modestinusi.
2058 4193 2115 4256 25·
2251 4169 2253 4180 ⁴

433 4295 439 4321 :
517 4267 565 4330 J).
583 4261 649 4333 eod.
667 4257 829 4354 Ulpianus
836 4262 960 4360 fragm.
976 4258 1029 4332 tit.
1044 4287 1075 4331 2.
1090 4263 1118 4337 §.
1132 4289 1165 4350 4.
1184 4257 1234 4332 vel
1252 4257 1274 4329 s:
1290 4259 1446 4330 creditori
1458 4264 1490 4331 in
1506 4257 1651 4334 solutum
1662 4257 1758 4330 ditus
1771 4258 1890 4345 fuerit,
1916 4263 2117 4334 &conditio

266 4351 267 4354 ¹
336 4392 354 4450 3
387 4400 421 4423 η
516 4356 668 4430 defecerit
685 4359 833 4454 alioquin
850 4359 1070 4432 statuliberum
1084 4357 1221 4446 dendo,
1246 4385 1319 4431 non
1334 4357 1489 4432 liberatur
1502 4359 1746 4456 debitor:quia
1759 4360 1929 4432 hominem
1943 4362 2114 4432 creditoris

509 4461 643 4558 perscire
658 4485 725 4528 non
744 4457 844 4538 facit,
870 4465 893 4531 I.
905 4487 979 4532 cum
993 4459 1065 4557 quis
1083 4465 1137 4552 38.
1155 4465 1183 4537 §.
1203 4489 1232 4554 3.
1251 4470 1296 4533 D.
1309 4463 1346 4532 de
1354 4461 1449 4552 solet.
1466 4456 1519 4532 seu
1532 4462 1629 4551 hujus
1645 4464 1692 4531 rei
1708 4451 1831 4531 solutio
1844 4487 1914 4544 non
1926 4461 2036 4556 potest
2051 4459 2120 4530 niri'
2136 4475 2140 4483 '

377 4551 386 4599 ·’
466 4569 468 4576 ’
512 4577 549 4625 ex
563 4579 681 4628 eventu
697 4555 928 4656 liberare,l.qui
942 4589 988 4630 res
994 4559 1071 4650 fleas
1085 4559 1178 4647 98.in
1190 4560 1540 4660 primDaeoddenique
1556 4557 1776 4632 statulibttum
1787 4560 1896 4632 dando
1913 4586 1981 4631 uon
1997 4563 2030 4630 in
2042 4559 2111 4652 pie-

330 4662 345 4724 l..
384 4705 394 4718 ..
512 4677 595 4726 num
620 4655 814 4750 stipulatoris
839 4657 1128 4742 hominemfrcit,
1154 4658 1425 4748 l.Neratiu563.
1451 4658 1700 4731 nnecondin.
1722 4657 1791 4731 ind.
1821 4658 2108 4731 Statulibtrieninr
2193 4700 2195 4708 ·
2251 4715 2253 4746 ,

371 4764 394 4864 'J
514 4753 664 4832 conditio
679 4753 894 4828 ambulatoria
907 4757 975 4842 cst,
1003 4780 1040 4830 ut
1054 4758 1205 4874 loquitur
1220 4759 1414 4856 Papinianus
1426 4763 1449 4830 l.
1470 4785 1526 4854 34.
1539 4759 1575 4832 in
1593 4757 1700 4862 princ.
1724 4769 1771 4834 D.
1787 4759 1975 4874 dcssernit'b.
1995 4757 2113 4858 Qua-rb
2251 4759 2253 4786 ¹

2021 4855 2112 4926 ttio-
