4724 5930
353 701 355 704 ,
446 650 494 714 74
572 641 576 648 '
691 650 692 657 ¹
820 621 1684 700 JAcourcOTHofRent
2024 689 2028 698 .

445 729 486 796 tis
511 720 547 794 fit
559 720 609 794 uel
624 745 750 820 partem
763 726 831 814 ejus
847 716 1024 816 superesse,
1048 745 1124 814 quce
1142 740 1277 803 totum,
1303 745 1375 817 quo
1393 721 1647 809 continebatur,
1674 719 1902 820 representat:
1929 719 2049 802 scilicet

446 849 484 900 ut
501 826 536 898 in
551 849 615 896 toto
625 821 700 928 pais
714 821 915 904 continetur,
931 819 976 926 'id
985 819 1031 890 est
1045 813 1159 920 totum
1175 839 1303 912 partem
1315 823 1484 902 continet,
1510 825 1554 894 ita
1566 828 1636 902 vice
1650 822 1740 896 versa
1751 826 1888 930 inperce
1901 852 1975 922 que
1991 835 2047 899 to·-

448 949 485 997 to
500 927 717 1008 continetur,
743 928 785 1003 ci*
805 944 907 992 torum
922 915 1146 1008 ctificvaiur.
1174 921 1306 1014 Nempe
1327 923 1380 1010 ius
1392 922 1493 994 totius
1509 927 1659 1018 corporis
1674 923 1768 996 fimui
1784 935 1818 996 δε
1835 934 2047 1000 nomen'ET-

443 1031 534 1098 IAM
553 1027 586 1096 in
599 1047 689 1119 porte
706 1019 787 1100 stat,
815 1017 1158 1114 nequecliitdcorpus
1171 1017 1234 1090 dici
1249 1018 1379 1113 potest,
1403 1018 1458 1092 etst
1482 1020 1524 1094 ad
1539 1027 1708 1117 pauciores
1725 1023 1911 1096 reditium:
1924 1026 2046 1124 dequo

427 1125 589 1219 ,alioquin
611 1117 750 1192 videnda
763 1119 808 1190 est
824 1113 1011 1188 fumosum
1054 1115 1258 1220 reponebatur
1271 1125 1329 1206 76.
1340 1127 1385 1190 D.
1401 1120 1438 1190 dc
1451 1147 1484 1190 re
1490 1119 1602 1210 judic.
1619 1125 1857 1218 Denique'non
1870 1139 1873 1144 '
1882 1127 1990 1220 potest
2009 1125 2045 1200 id

443 1224 538 1320 quod
553 1219 653 1292 altero
671 1218 752 1289 oiim
766 1217 1024 1302 continebatur,
1048 1214 1075 1288 'st
1090 1212 1198 1287 sol'um
1209 1211 1343 1310 superfit
1358 1215 1480 1303 hodie,
1507 1219 1593 1299 aliud
1610 1216 1730 1294 censeri
1742 1224 1783 1294 ab
1805 1249 1850 1294 eo
1875 1249 1945 1320 quo
1962 1253 2044 1298 con-

442 1322 628 1394 tinebrtur.
658 1318 781 1390 Eadem
804 1320 928 1387 ratione
944 1322 978 1384 &
994 1341 1068 1410 que
1081 1338 1154 1410 pots
1177 1341 1216 1390 eu
1230 1339 1305 1388 toto
1325 1314 1441 1412 aliquo
1462 1317 1570 1420 legato
1583 1321 1683 1394 bodie
1700 1315 1862 1418 superest,
1888 1323 2045 1422 legatario

444 1419 606 1494 debetur.
630 1423 692 1515 ist
707 1440 819 1489 extoto
837 1420 869 1488 8.
887 1416 922 1486 in
938 1439 991 1516 pr.
1010 1423 1036 1488 l.
1049 1421 1213 1516 figregc,
1236 1418 1346 1514 delcg.
1366 1441 1395 1489 ι.

493 1515 666 1592 Referebat
684 1520 780 1611 hujus
796 1521 880 1614 [teg.
896 1511 1034 1610 speciem
1051 1513 1230 1587 Raevatdus
1245 1517 1286 1588 ad
1300 1522 1361 1586 iz.
1377 1517 1441 1589 eod.
1457 1515 1513 1588 tit.
1526 1517 1581 1590 ubi
1594 1519 1742 1605 dicitur,
1765 1521 1912 1592 asturem
1928 1519 2045 1602 dutum

440 1615 482 1692 ab
501 1617 745 1694 Univetsttate,
767 1643 838 1688 non
851 1613 1041 1688 babendum
1064 1614 1188 1714 quasia
1214 1611 1359 1708 pluribus
1372 1615 1515 1699 datum,
1541 1623 1620 1712 quia
1636 1645 1700 1716 pru
1721 1619 1928 1691 universitate
1939 1623 2042 1692 inter-

438 1721 574 1814 vepiat,
601 1744 671 1788 non
685 1741 748 1812 pro
765 1713 921 1816 singulis,
948 1710 1002 1786 seu
1020 1721 1096 1812 quia
1112 1719 1146 1786 in
1162 1735 1241 1788 roto
1252 1737 1325 1808 pers
1342 1719 1533 1786 continetur
1551 1745 1561 1788 t
1588 1724 1712 1790 Verum
1727 1719 1763 1790 id
1776 1721 1887 1790 minus
1901 1721 2011 1815 probo
2027 1769 2040 1803 ,

396 1872 401 1878 -
438 1820 517 1913 quia
532 1815 573 1888 ibi
589 1844 661 1890 non
681 1820 838 1912 queritur
853 1815 893 1886 dc
908 1835 1001 1909 purte
1012 1863 1033 1892 ,.
1051 1810 1104 1886 scd
1116 1811 1157 1886 de
1172 1811 1302 1912 stutgulis
1312 1819 1352 1896 ,δι
1366 1813 1568 1888 individuis,

481 1919 578 1990 Hinc
602 1941 741 2013 quoque
768 1921 833 2006 jum
858 1913 987 2012 liquet,
1015 1936 1053 1994 ut
1067 1939 1108 1984 eo
1123 1911 1252 1984 redeam
1270 1964 1282 1996 ,
1307 1911 1408 1984 alium
1421 1909 1481 1984 etse
1498 1909 1624 1988 sensum
1647 1917 1679 1988 d.
1696 1913 1773 2016 Iegis
1790 1941 1846 1988 21.
1857 1916 1948 2022 supr,
1967 1941 2043 2014 qux

435 2021 585 2092 continet
598 2038 832 2116 argumentum
848 2013 1047 2104 emejuriad
1063 2015 1188 2092 minus,
1207 2011 1261 2082 ubi
1276 2010 1319 2082 de
1334 2017 1406 2100 jure
1418 2019 1548 2106 privato
1565 2016 1729 2108 potestatis
1745 2020 1923 2112 queritur:
1941 2045 2039 2090 nem-

320 2125 324 2134 '
435 2141 476 2212 pe
500 2143 569 2187 non
585 2113 700 2186 debere
716 2119 745 2186 ei
759 2119 813 2186 cui
829 2113 901 2209 plus
918 2113 1019 2195 licet,
1047 2111 1142 2206 quod
1158 2113 1269 2182 minue
1281 2110 1350 2192 est,
1368 2135 1438 2180 ιιοιι
1455 2110 1568 2184 licere:
1591 2109 1761 2190 Rursum,
1777 2115 1878 2186 alium
1890 2111 1950 2186 esse
1967 2111 2043 2188 seue

434 2215 510 2289 sum
534 2217 565 2287 d.
573 2207 657 2314 =Iegis
677 2241 754 2288 tto.
770 2213 808 2284 in
817 2238 868 2315 pr.
876 2213 967 2316 supr.
987 2217 1130 2304 cuiusce
1145 2204 1303 2279 sententie
1314 2209 1359 2278 est
1374 2259 1381 2284 ‚
1398 2233 1458 2302 per
1470 2206 1627 2282 excesshm
1646 2213 1795 2284 inutilem
1811 2218 1942 2306 majoris
1962 2239 2039 2309 par·

435 2317 476 2388 tis
491 2341 562 2388 nort
576 2317 682 2384 vitiari
697 2318 861 2384 minorem
875 2312 1016 2386 modum
1032 2311 1237 2407 legitimum.
1254 2316 1338 2379 Item
1353 2305 1452 2378 elium
1468 2305 1528 2378 eise
1542 2305 1672 2380 sensum
1682 2309 1758 2412 legis
1779 2338 1858 2402 147.
1873 2314 1954 2405 ἐφ.
1971 2316 2001 2386 h.
2013 2337 2038 2392 t.

414 2433 507 2513 ‘que
522 2417 671 2486 continet
688 2435 923 2510 argumentum
935 2439 952 2481 a
964 2435 1080 2507 genere
1095 2409 1136 2480 ad
1149 2403 1298 2500 speciem.
1313 2405 1412 2478 titud
1424 2406 1507 2478 odeo
1522 2433 1608 2480 cette
1622 2408 1744 2482 alienus
1758 2412 1802 2481 est
1815 2411 1856 2480 ab
1871 2411 1931 2484 hnc
1948 2417 2033 2512 Reg.
2056 2457 2062 2474 ε

432 2513 591 2586 traferret
608 2567 618 2596 ‚
644 2537 688 2581 an
701 2512 862 2606 petitione
878 2513 1005 2592 toriuse
1026 2509 1127 2602 patris
1138 2508 1257 2604 petitio
1270 2509 1502 2605 extinguaturt
1530 2509 1598 2580 Ubi
1610 2505 1773 2580 dzstmcuo
1789 2510 1847 2580 bec
1864 2535 1955 2603 parte
1970 2511 2040 2586 hec·

431 2611 615 2686 adhibenda
626 2611 692 2695 est,
721 2632 797 2697 toto
811 2604 930 2682 scilicet
948 2605 1043 2680 semel
1057 2611 1190 2702 petito,
1216 2606 1311 2702 quod
1326 2633 1362 2676 ex
1377 2604 1522 2701 partibus
1536 2595 1775 2706 integinntbus
1790 2609 1939 2693 constat,
1960 2635 2035 2702 por.

432 2718 476 2786 tis
491 2711 686 2807 petitionem
699 2709 842 2809 extingui
859 2713 906 2787 ,1.
927 2717 1044 2796 17'..D.
1057 2706 1226 2805 dccxcepc.
1243 2707 1373 2795 reijud.
1386 2709 1413 2776 Ι.
1429 2731 1485 2794 27.
1500 2707 1531 2782 §2
1542 2713 1679 2810 puccium.
1695 2709 1789 2780 ΒΛ(
1796 2707 1916 2808 petiis.
1935 2707 2036 2782 Aliud

430 2811 609 2885 dicendum
622 2815 655 2880 in
668 2803 815 2904 partibus
830 2803 977 2882 discretis
991 2865 1003 2894 ,
1030 2833 1108 2880 nam
1126 2827 1200 2880 tum
1213 2829 1287 2878 toto
1303 2811 1408 2900 petito
1422 2857 1431 2884 ,
1456 2810 1575 2904 petitio
1589 2811 1686 2900 partis
1701 2832 1770 2876 non
1784 2805 1858 2876 ideo
1872 2811 2034 2900 extingui-

432 2935 488 2985 tur
502 2965 514 2998 ,
542 2913 621 3006 quio
634 2935 741 3006 neque
748 2903 945 3000 *hujusmodi
959 2935 1035 3005 pars
1048 2965 1059 2994 ,
1082 2933 1157 3012 pars
1175 2909 1262 2978 reete
1275 2908 1418 2980 dicitur.
1434 2905 1626 3002 Exemplum
1640 2910 1673 2976 in
1680 2903 1797 2976 nendo
1807 2908 1931 2999 petito:
1947 2909 2040 2981 Num

430 3017 489 3112 qui
504 3007 676 3084 succubuit
690 3013 724 3081 in
739 3001 834 3082 fundi
848 3013 1032 3106 petitione,
1059 3003 1302 3082 usumfructum
1317 3006 1532 3078 nihilominus
1548 3029 1656 3101 petere
1680 3004 1810 3100 potest,
1834 3009 1859 3074 l.
1880 3029 1936 3076 21.
1953 3008 1982 3081 9.
2005 3033 2036 3094 3.

430 3123 477 3188 D.
494 3113 533 3184 de
545 3133 665 3212 except.
680 3106 728 3180 rei
727 3111 807 3200 jud.
819 3108 897 3205 quit
910 3103 1115 3182 ususfructus*
1129 3131 1203 3205 pars
1217 3105 1310 3178 fundi
1327 3132 1395 3180 non
1412 3107 1455 3178 est
1471 3161 1478 3176 .
1493 3099 1688 3198 Exemplum
1705 3102 1793 3174 aliud
1809 3104 1876 3174 esto
1890 3105 1924 3173 in
1945 3105 2038 3176 acius

320 3215 323 3220 “
428 3213 613 3308 petitione:
640 3203 758 3282 scilicet
774 3212 833 3306 qui
846 3214 882 3280 in
895 3214 1054 3303 petitione
1066 3217 1134 3298 ejus
1151 3204 1346 3290 succubuit,
1374 3208 1435 3276 iter
1458 3227 1566 3300 petere
1582 3231 1653 3276 non
1682 3223 1810 3273 vetatur
1828 3255 1838 3283 ,
1862 3207 1884 3273 i.
1906 3229 1934 3277 1.
1948 3205 1978 3280 §.
2000 3211 2036 3278 6.

427 3321 475 3386 D.
490 3314 523 3382 d.
537 3310 590 3384 tit.
610 3307 803 3380 Additur&
817 3311 911 3380 terrie
925 3302 1044 3402 speciei
1058 3313 1134 3378 cxl.
1148 3331 1186 3394 7,
1203 3309 1232 3384 §-
1248 3335 1279 3379 2.
1300 3307 1336 3378 d.
1348 3305 1403 3380 tit.
1416 3308 1455 3376 dc
1470 3328 1591 3407 except.
1611 3303 1659 3376 rei
1670 3303 1785 3394 judic.
1793 3303 1908 3400 junbbt
1934 3307 1956 3374 l.
1974 3329 1991 3374 2
1999 3330 2035 3396 3.

431 3421 472 3498 ῤ’
504 3433 560 3507 30.
578 3419 627 3484 D.
639 3410 678 3480 dc
693 3404 880 3512 usucapitur.
938 3487 942 3498 ,
1247 3455 1251 3466 .
1929 3465 1932 3476 .
2159 3423 2162 3428 ·

939 3511 996 3578 De
1018 3505 1225 3581 OBSCURI
1248 3495 1510 3592 interpretatione
1523 3547 1536 3572 .

704 3704 834 3780 CXIV.
861 3706 981 3778 IDEM
1009 3706 1024 3795 (
1047 3659 1233 3778 PAULuu
1255 3708 1268 3796 )
1296 3697 1376 3774 libro·
1401 3725 1481 3774 ncnc
1505 3695 1553 3772 ad
1575 3692 1754 3774 Edictum.

392 3963 396 3976 .
428 3910 468 3983 ln
493 3903 629 4002 obscuris
666 3897 786 4012 inspici
809 3905 911 3997 fidere
932 3911 987 3994 *,
1010 3901 1098 4006 quod
1120 3901 1328 4004 unissniliur
1348 3902 1390 3998 cst
1405 3949 1427 3985 ,-
1443 3924 1501 3974 cur
1524 3897 1613 4000 qued
1628 3902 1805 4004 plerunque
1827 3892 1903 3992 fieri
1928 3891 2033 3986 solet·¹

527 4105 550 4171 .'
567 4109 713 4181 Sententia
732 4101 911 4190 semiplene.

519 4312 553 4386 D
568 4302 707 4403 Oifinri
719 4306 1025 4408 interpretationem
1045 4300 1099 4396 (tie
1112 4331 1184 4404 quo
1199 4295 1273 4378 sunt
1286 4297 1351 4378 buc
1366 4293 1465 4374 tituso
1478 4320 1629 4394 preterea
1637 4291 1773 4396 Regula
1785 4285 2027 4390 septendecim)

454 4453 455 4456 ¹
544 4439 626 4510 quas
642 4408 739 4484 semel
754 4421 871 4482 omu'cs
887 4406 1031 4508 congesti
1046 4411 1089 4478 cd
1102 4413 1124 4477 l.
1140 4429 1173 4494 9.
1185 4407 1278 4508 supr.
1301 4397 1355 4479 seu
1373 4403 1491 4472 buum
1507 4403 1751 4488 Ccnjesiuraiem
1768 4448 1777 4474 ,
1805 4397 1942 4489 pertinet
1959 4392 2026 4464 huc

430 4517 518 4614 Reg.
533 4519 617 4586 Non·
632 4511 767 4608 quidem
783 4505 912 4582 obscuri
928 4511 973 4582 ob
988 4505 1079 4578 verbi
1097 4502 1184 4577 forte
1196 4503 1445 4602 ambiguitatem
1461 4551 1473 4583 ,
1499 4498 1539 4569 de
1555 4520 1627 4592 quo
1640 4497 1684 4568 est
1699 4503 1750 4566 lex
1765 4505 1823 4578 67.
1838 4495 1928 4596 ficpr.
1947 4517 2027 4578 172.

429 4613 510 4708 infr.
527 4609 674 4688 Rursum
694 4660 704 4685 .
731 4633 800 4683 ιισιι
815 4605 944 4682 obscuri
960 4605 1009 4679 ob
1024 4603 1189 4679 indefinite
1204 4598 1259 4676 seu
1273 4601 1457 4674 ittdistinstc
1472 4593 1570 4670 verbu
1587 4645 1596 4670 .
1620 4595 1661 4668 de
1678 4622 1748 4693 quo
1763 4596 1809 4668 est
1832 4599 1883 4664 lex
1897 4617 1928 4680 9.
1937 4603 2028 4689 supr.

429 4735 546 4786 verum·
561 4763 568 4793 ,
582 4709 657 4786 secti
672 4707 803 4784 obscuri
817 4710 858 4782 ad
873 4711 1098 4803 conjesturam
1112 4702 1292 4776 voluntaris
1305 4701 1410 4772 verbis
1425 4697 1610 4769 nullatcnus
1627 4691 1772 4790 expresse
1787 4749 1798 4776 ,
1818 4691 1880 4763 seve
1894 4693 1935 4762 de
1948 4713 2031 4759 cone

430 4815 587 4888 trabibus
601 4836 716 4912 agatur
730 4857 743 4894 ,
757 4809 798 4882 de
816 4831 882 4906 qua
897 4811 943 4904 sp.
957 4809 1018 4880 erit
1034 4806 1080 4877 {er
1100 4805 1179 4876 168.
1196 4807 1230 4872 in
1240 4801 1345 4904 princ.
1364 4806 1398 4870 δι
1414 4803 1442 4875 §.
1460 4821 1489 4870 ι.
1507 4795 1571 4868 sive
1588 4795 1629 4868 de
1645 4794 1737 4866 nudo
1750 4788 1858 4863 insto.
1885 4793 1936 4860 Ut
1949 4811 2033 4880 pro-

430 4909 506 5013 itieie
521 4915 567 4988 nil
583 4919 705 4987 mirum
717 4909 783 4996 stt,
808 4908 831 4982 st
847 4904 1028 4985 coleritatis
1039 4907 1127 4983 istius
1137 4897 1291 4980 ttuettdc
1300 4890 1649 4991 duocprnmrinria
1659 4895 1720 4968 bec
1733 4899 1818 4992 teg.
1835 4909 2027 4986 proponan-

440 5012 483 5076 ,’.
1953 5005 2008 5056 tur
2027 5030 2039 5074 ,
