4724 5930
442 519 504 586 DE
530 519 634 592 JUD.
662 518 719 587 ET
746 515 854 588 ACT.
882 517 948 585 &e
975 519 1034 584 XI.
1061 512 1537 589 COLL.ED1CT.REGG.
1567 519 1683 592 PARS
1710 513 1772 594 lll.
1834 515 1848 596 ,²
1875 555 1918 622 95

318 613 463 688 lurionib.
475 620 527 686 lox
544 619 576 688 8.
593 617 622 692 §-
637 619 697 687 ult.
708 613 745 687 in
751 613 822 707 fin.
837 623 884 686 D.
901 613 939 683 dt
952 611 1147 685 novationib.
1164 615 1187 680 l.
1197 613 1345 700 sisnando
1371 641 1426 708 39.
1453 619 1492 687 de
1509 625 1609 714 ringor.
1632 622 1710 720 gell.
1724 627 1755 704 §.
1774 621 1817 698 ι’.
1845 631 1921 721 Inst.

318 715 408 814 quib.
428 717 510 786 mod.
528 717 592 786 toll.
603 714 694 814 oblrg.
723 718 855 810 Nempe
868 709 981 784 debito
997 709 1160 784 exsolvere
1176 735 1343 820 quemque
1366 713 1467 786 alium
1483 713 1632 812 quisquis
1654 717 1840 815 promiscue
1856 752 1923 822 po..

322 815 406 898 test,
432 813 526 908 quod
543 839 613 906 non
628 815 671 886 est
684 811 757 912 lege
773 837 882 912 agere:
896 813 1049 904 injuriam
1064 837 1145 882 vtro
1163 809 1217 880 vel
1227 810 1380 909 dolorem
1393 815 1463 884 cius
1477 819 1614 912 exequi,
1640 827 1675 890 δι
1692 819 1732 893 stc
1746 821 1923 898 alienum.

319 918 409 986 mine
425 911 494 1012 lege
505 939 600 1012 agere
612 968 624 1001 ,
638 937 739 986 nemo
752 912 858 1008 potest
873 965 882 983 .
910 915 1031 1006 Neque
1045 909 1126 984 illud
1148 909 1321 1002 postremo
1329 912 1573 992 omittendum,
1594 913 1778 1018 obligatum
1793 917 1924 998 solven.

321 1033 409 1091 rem,
437 1009 497 1084 suo
512 1017 624 1108 potius
638 1015 848 1108 nominentur
862 1011 964 1082 alieno
978 1007 1100 1082 solvisse
1115 1003 1293 1105 presumi,
1310 1033 1347 1082 ut
1360 1010 1401 1082 de
1417 1012 1610 1086 mandatore
1618 1015 1774 1091 debitoris
1793 1016 1922 1098 solvan.

319 1133 351 1184 te
366 1139 402 1183 ex
418 1115 595 1206 Papiniano
607 1110 704 1184 refert
718 1111 810 1182 idem
822 1109 985 1206 Ulpianus
1001 1109 1118 1182 eodem
1131 1103 1217 1180 libro
1239 1135 1294 1199 ¹4·
1309 1109 1350 1180 ad
1365 1111 1568 1208 Edictumin
1594 1119 1618 1186 i.
1645 1117 1843 1220 Papinianus
1861 1127 1918 1201 28.

318 1219 365 1284 D.
381 1211 550 1290 mandari,
579 1237 653 1309 qua
681 1211 821 1306 proinde
839 1217 873 1280 δι
888 1205 956 1306 ipsa
970 1210 1046 1281 huic
1058 1213 1148 1309 Reg.
1168 1208 1399 1308 conjungenda
1423 1213 1491 1282 est:
1517 1215 1572 1284 cui
1598 1213 1745 1312 alioquin
1772 1227 1921 1296 concinit

320 1305 464 1404 ejusdem
483 1310 617 1406 Ulpiani
630 1309 715 1383 libro
727 1312 881 1408 proximo
904 1335 957 1404 15.
976 1315 1029 1382 lex
1049 1336 1104 1402 3¹·
1120 1307 1156 1382 in
1175 1307 1283 1409 princ.
1310 1318 1356 1382 D.
1372 1312 1410 1381 de
1431 1313 1534 1406 hored.¹
1566 1312 1634 1386 etit.
1663 1321 1703 1390 Et
1719 1320 1763 1390 ita
1785 1321 1921 1414 quidem

317 1415 416 1480 etiarn
434 1409 660 1494 ostendimus,
685 1435 837 1506 quaenam
849 1407 934 1509 leges
951 1465 962 1494 ,
978 1429 1053 1506 'quo
1073 1436 1155 1481 nexu
1172 1451 1183 1484 ι
1207 1433 1244 1480 ex
1260 1409 1379 1481 eodem
1397 1335 1630 1506 Ulpianilibto
1649 1442 1702 1506 14.
1715 1415 1920 1496 admistum
2014 1446 2016 1462 ι

317 1505 517 1606 desumpta,
541 1515 618 1584 huit
633 1507 811 1584 coartanda
824 1508 887 1580 finr
902 1542 913 1582 :
939 1517 973 1581 δι
990 1505 1125 1605 quidem
1142 1530 1286 1606 quatuor
1299 1534 1460 1590 numero,
1473 1534 1554 1606 puta
1564 1517 1617 1582 lex
1631 1523 1664 1587 6.
1681 1517 1712 1590 8.
1727 1525 1774 1590 D.
1788 1516 1922 1620 deintff.
1990 1525 1992 1532 ⁴

314 1609 380 1704 test.
390 1615 443 1682 lex
454 1635 565 1684 utrum
581 1639 638 1703 27.
654 1621 701 1686 D.
714 1612 753 1682 dr
761 1635 876 1714 perun.
889 1609 1010 1703 constit.
1024 1621 1063 1690 cr
1072 1613 1125 1680 lex
1140 1607 1339 1712 Papinianus
1351 1611 1409 1680 28.
1422 1619 1471 1684 D.
1482 1611 1629 1686 mandati
1644 1666 1655 1684 .

587 1889 590 1898 ,
686 1819 740 1890 De
764 1809 1081 1884 TEMPORARIA
1100 1793 1334 1915 permutatiinr
1353 1807 1542 1912 prouincia.

832 2015 871 2090 §.·
889 2009 1105 2104 Temporaria
1134 2031 1164 2078 r.
1192 2009 1289 2108 Legis
1318 2033 1398 2101 123.

590 2210 907 2284 TEMPORARtA
928 2202 1123 2310 permutatio
1139 2209 1199 2296 jur
1221 2205 1390 2311 provincia
1415 2233 1477 2277 non
1501 2203 1649 2282 innovat.
1736 2223 1739 2230 '

398 2408 484 2477 Ertia
501 2405 568 2480 hac
600 2406 728 2507 Regula
751 2405 928 2486 edictalis,
953 2403 995 2476 de
1019 2430 1131 2474 earum
1143 2429 1216 2498 quat
1232 2404 1273 2476 ad
1285 2401 1420 2494 judicia
1443 2409 1628 2502 pertinent,
1655 2429 1825 2501 numero,
1853 2401 1915 2482 est:

421 2529 495 2600 qua·
511 2513 546 2576 δι
560 2504 626 2602 ipsa
647 2507 732 2578 abest
747 2503 926 2580 aBafilicis.
947 2509 1022 2596 Ejus
1037 2504 1192 2575 bostonus
1208 2503 1297 2576 velut
1311 2498 1457 2582 obscura
1476 2527 1540 2576 tres
1555 2507 1840 2600 interpretationes
1852 2511 1916 2578 cir-

306 2601 560 2694 cumferuntur:
587 2605 739 2702 eoquod
760 2611 924 2694 incertum
944 2601 1011 2686 fit,
1036 2601 1118 2698 quid
1134 2628 1191 2696 per
1220 2604 1443 2706 temporariam
1465 2605 1727 2706 permutationem
1753 2605 1806 2676 hic
1829 2609 1915 2676 acci·

307 2699 468 2796 pieridum
483 2701 538 2776 srt:
551 2705 669 2780 deinde
682 2730 818 2800 propter
831 2705 930 2777 verba
941 2701 993 2772 illa
1007 2701 1288 2800 sDSprovincia,
1298 2729 1371 2800 quie
1386 2703 1477 2774 aliter
1488 2727 1587 2800 atque
1597 2703 1686 2774 aliter
1696 2706 1917 2798 accipiuntur.

360 2803 468 2874 Prima
492 2801 536 2872 est
555 2815 703 2876 Veterum
734 2811 744 2894 (
761 2804 909 2902 uulgari,
936 2799 1142 2882 Placentini,
1171 2801 1316 2872 Accursri
1341 2805 1508 2892 &Deciil
1539 2827 1642 2896 quarn
1665 2803 1762 2872 etiarn
1780 2824 1916 2874 exornat

308 2897 459 2993 pluribus
476 2907 511 2974 P.
523 2899 645 2990 faber,
673 2907 732 2996 qui
747 2903 787 2973 de
802 2901 1000 2994 temporaria
1013 2898 1234 2986 consuetudine
1248 2899 1282 2970 id
1297 2903 1487 2994 accipiunt,
1514 2899 1578 2970 lroc
1593 2893 1683 2972 sensu
1698 2950 1707 2977 ,
1721 2925 1778 2992 per
1792 2926 1920 2994 paucos

170 3076 174 3082 ,
306 2997 398 3066 astus
411 3005 641 3072 contrarios&
659 3003 898 3096 temporarios,
915 3017 1166 3068 momentaneus
1195 3001 1297 3092 (puta
1311 2995 1331 3068 sr
1346 2993 1441 3069 semel
1459 3021 1515 3070 aut
1526 2997 1575 3068 bis
1586 3001 1791 3068 contrarium
1807 3025 1847 3071 eo
1861 2997 1913 3095 lo-

308 3095 337 3166 ci
362 3089 571 3168 observatum
585 3099 711 3196 aliquid
731 3098 790 3189 stt)
819 3123 888 3168 non
903 3096 979 3168 ideo
996 3093 1066 3166 tolli
1082 3099 1259 3190 provincia
1281 3092 1578 3176 consuetudinem,
1603 3093 1667 3167 lire
1689 3121 1847 3176 morem,
1875 3105 1911 3171 dd

306 3203 436 3266 Statura
450 3199 682 3294 municipalia,
709 3197 830 3296 quibus
844 3201 895 3290 jus
914 3196 1092 3291 provincia
1108 3199 1319 3276 continetur,
1346 3191 1558 3270 cmrservatur
1585 3197 1642 3268 uc:
1670 3201 1821 3291 Itemque
1838 3198 1911 3292 pri-

305 3291 443 3390 vilegia,
469 3304 698 3398 praerogativas
715 3351 726 3383 ,
753 3321 884 3368 morem
900 3295 1078 3389 provincia.
1092 3322 1099 3364 :
1125 3319 1226 3391 atque
1238 3296 1313 3367 ideo
1325 3348 1336 3379 ,
1356 3297 1537 3368 Rectorem
1551 3223 1641 3366 sitam
1659 3289 1783 3390 semper
1797 3296 1909 3390 pristi·
1953 3317 1964 3330 '·

306 3415 452 3488 namque
464 3399 642 3489 provincia:
658 3394 954 3478 consuetudinem,
966 3419 1036 3464 nou
1054 3397 1187 3464 attentis
1201 3399 1313 3490 paucis
1326 3401 1361 3466 δι
1378 3395 1585 3492 temporariis
1597 3391 1722 3466 adibus
1737 3397 1910 3491 contrariis
1966 3401 1969 3408 “

304 3489 475 3564 decelloris
486 3494 572 3568 sorte
588 3495 635 3570 sui
652 3545 663 3580 ‚
686 3494 817 3570 serrare
826 3516 1002 3590 oportere,
1028 3519 1096 3592 arg.
1111 3495 1197 3566 inter
1208 3492 1294 3578 alia,
1321 3500 1344 3568 l.
1363 3493 1524 3586 obfirvart
1538 3525 1573 3586 4.
1587 3497 1616 3572 §-
1633 3492 1800 3594 ing-roffam
1811 3493 1910 3566 etiam
1969 3553 1973 3562 .

305 3615 341 3682 5.
355 3601 400 3666 D.
417 3595 454 3664 de
470 3598 547 3691 offic.
567 3599 713 3687 Proconfi
732 3595 787 3668 ubi
798 3587 981 3667 Proconsul
994 3615 1172 3678 monetur,
1187 3597 1366 3690 provinciae
1381 3619 1511 3667 morem
1527 3585 1700 3666 observare
1712 3596 1747 3664 in
1760 3599 1910 3677 sardonia

302 3687 339 3762 in
350 3693 493 3764 aduentu
500 3697 560 3784 suo
575 3690 630 3768 sua
645 3703 680 3770 δι
696 3717 846 3764 mrorno
860 3691 1045 3795 &appulsu
1063 3742 1072 3771 ,
1089 3719 1126 3764 ac
1149 3697 1350 3766 nominatim
1365 3687 1547 3768 proconsul
1564 3691 1646 3766 Afiae
1671 3745 1681 3764 .
1714 3699 1791 3780 Qua
1814 3685 1907 3764 causa

305 3791 404 3862 etiarn
420 3795 611 3890 interpretes
630 3796 684 3868 hic
699 3793 803 3866 multa
823 3813 1010 3892 congerunt
1029 3791 1070 3862 de
1088 3786 1242 3864 servanda
1263 3793 1486 3884 cofitttudine
1500 3791 1696 3876 Provincia,
1721 3791 1905 3888 quandoci
1962 3845 1966 3860 .

302 3883 507 3991 derogetur,
532 3903 567 3966 δι
592 3901 729 3992 quinam
748 3895 840 3966 adius
852 3887 1079 3964 attendantur.
1107 3897 1261 3976 Verum,
1288 3918 1366 3962 mox
1387 3915 1424 3964 ut
1445 3891 1636 3976 ostendam,
1654 3895 1715 3982 jus
1730 3889 1906 3962 Provincia

305 3985 359 4071 hic
375 4017 444 4062 non
460 3995 504 4064 est
518 4019 594 4068 mos
609 4005 644 4066 dc
661 3990 870 4068 consuetudo
886 4045 898 4078 ,
924 3993 957 4060 in
978 3991 1149 4083 provincia
1161 3983 1331 4062 observata
1345 4044 1358 4077 ,
1384 4017 1501 4064 verum
1518 3989 1606 4082 aliud
1620 3981 1706 4090 iluid
1716 3989 1811 4086 quod
1827 4013 1907 4065 mox

305 4109 417 4160 eruam
434 4145 441 4160 .
468 4101 576 4180 Item,
602 4094 794 4202 temporaria
804 4089 995 4198 permutatio
1011 4093 1115 4186 accipi
1129 4117 1201 4162 non
1216 4091 1323 4188 potest
1333 4091 1375 4164 de
1387 4095 1469 4164 nori
1487 4095 1566 4188 juris
1581 4092 1774 4162 inductione
1787 4089 1906 4165 adver·

304 4178 517 4265 susurrorem
535 4189 834 4272 consuetudinem.
987 4257 989 4261 .

227 4343 230 4348 .
355 4289 502 4362 Secunda
515 4297 600 4367 inter
626 4300 742 4371 retatio
756 4295 801 4368 est
813 4293 963 4386 Cujacii‚
989 4287 1048 4385 qui
1065 4317 1120 4381 ²4·
1140 4290 1202 4383 obst
1222 4317 1252 4366 a.
1270 4297 1306 4364 δι
1322 4289 1368 4366 ad
1379 4293 1461 4364 hanc
1475 4295 1515 4366 R.
1526 4289 1567 4366 de
1580 4291 1902 4386 temporariamuta·

304 4381 395 4454 tione
410 4390 568 4475 judicum
590 4320 642 4464 siu
662 4395 872 4496 Magistratus
886 4392 970 4464 hanc
985 4394 1069 4488 Reg.
1086 4392 1289 4486 accipiebat:
1314 4393 1379 4464 hoc
1402 4387 1518 4475 sensu,
1543 4392 1751 4486 provinciam
1764 4387 1901 4460 eandem

303 4504 368 4584 pro
383 4479 456 4556 belli
468 4487 651 4564 necestitate
662 4520 699 4563 cx
713 4487 939 4564 Proconsulari
954 4489 1040 4559 forte
1054 4488 1254 4564 Praefidalem
1272 4489 1391 4564 fastam
1406 4545 1416 4582 ,
1441 4497 1476 4562 ἃ
1487 4491 1558 4561 vice
1570 4485 1678 4569 versa,
1703 4487 1901 4584 temporatia

302 4589 574 4675 permutatione,
602 4615 668 4660 non
684 4593 761 4664 ideo
772 4593 939 4686 pristinam
952 4609 1103 4658 naturam
1119 4583 1209 4662 suam
1224 4595 1394 4674 amittere,
1420 4588 1522 4664 veluti
1537 4585 1560 4660 fi
1574 4583 1803 4662 proconsulari
1815 4611 1898 4680 pro·

303 4685 416 4756 vincia
429 4687 471 4756 ad
487 4709 615 4783 tempus
629 4679 744 4762 Praeses
759 4693 853 4762 datus
874 4685 989 4760 fuerit:
1015 4685 1157 4786 denique
1170 4691 1254 4762 lranc
1268 4692 1486 4762 mutationem
1500 4689 1654 4778 ordinem
1663 4689 1744 4780 juris
1762 4685 1825 4756 sure
1840 4711 1898 4756 or-

214 4809 225 4832 ·
301 4783 508 4862 dimriorum
521 4789 668 4884 ,uocum
681 4790 873 4888 potestatem
888 4809 1098 4890 veteremque
1112 4815 1244 4866 morem
1254 4816 1324 4863 nou
1340 4787 1471 4874 tollere.
1500 4781 1588 4886 Saepe
1600 4783 1719 4864 scilicet
1734 4786 1901 4960 Panopes

320 4911 324 4921 ·
1796 4897 1896 4959 umal
