4632 5916
505 568 576 642 266
853 553 1748 632 JACOBIGo'rHOFR.EDI·

505 663 663 744 dofrano,
688 663 714 730 l.
730 665 763 729 6.
779 655 821 726 de
834 653 1027 726 decurionib.
1042 677 1116 748 quae
1129 647 1241 722 omissa
1254 651 1298 720 est
1312 677 1330 720 a
1346 648 1526 723 Tribuni.
1543 674 1572 740 3.
1589 660 1623 722 C.
1637 655 1674 722 de
1693 651 1799 746 incest.
1816 676 1907 757 meptp

553 763 697 840 Tertio,
722 756 905 856 Semperait
924 751 1154 830 Modestinus,
1181 775 1256 822 non
1268 773 1399 821 tantum
1410 751 1618 850 cognationis
1634 747 1684 820 vel
1699 747 1862 823 affinitatis
1874 755 2026 840 ratione,
2042 783 2105 832 ve-

502 887 578 934 rum
591 867 625 930 &
641 863 728 950 ejus,
755 851 851 948 quod
865 852 913 922 his
924 854 1112 948 proximum
1124 850 1237 922 estant
1255 843 1376 928 affine,
1401 846 1652 944 contemplatu:
1678 853 1752 920 Hac
1780 854 1907 923 ratione
1930 858 1967 922 δι
1991 862 2099 932 uxoris

501 985 581 1032 meae
597 956 698 1028 filiam
710 949 821 1026 soluto¹
831 951 1046 1022 matrimonio
1063 977 1104 1022 ex
1114 947 1178 1022 aiio
1194 941 1399 1042 susceptam,
1420 945 1479 1020 etii
1491 973 1602 1020 revera
1624 948 1709 1044 privi
1734 973 1776 1019 na
1804 975 1874 1020 non
1898 948 1964 1036 fit,
1988 957 2097 1030 minus

501 1058 676 1130 honestum
689 1053 755 1126 fuit
771 1051 891 1122 ducere
907 1101 918 1129 ‚
946 1043 1129 1143 rediusque
1143 1055 1264 1139 &jure
1285 1045 1403 1118 fasturi
1417 1047 1595 1150 dicuntur,
1618 1051 1678 1142 qui
1690 973 1735 1119 ad
1759 1041 1947 1138 hujusmodi
1976 1058 2096 1148 nuptiis

500 1155 717 1237 abstinerent,
733 1155 801 1238 Μ.
818 1150 894 1242 Inst'.
912 1150 950 1220 de
963 1145 1112 1251 nuptiis,
1138 1157 1177 1230 όν
1189 1150 1231 1219 dr
1243 1173 1278 1218 2.
1290 1150 1358 1236 §.3.
1373 1151 1418 1218 D.
1436 1147 1475 1216 de
1486 1144 1559 1218 rim
1571 1169 1666 1248 nupt.
1679 1151 1755 1222 Hac
1767 1147 1894 1218 tatione
1907 1151 2005 1220 etiam
2015 1152 2096 1226 oiim

503 1252 659 1327 nonnulli
674 1253 925 1322 matrimonium
940 1251 1025 1318 inter
1038 1247 1248 1320 educatorem
1261 1252 1296 1316 δι
1310 1243 1504 1330 alumnam„
1525 1243 1581 1319 etsi
1593 1245 1747 1329 licitum,
1763 1266 1877 1331 tamen
1886 1246 1976 1319 velut
1988 1254 2097 1324 minus

501 1344 911 1425 honestumdiffuadebant
926 1397 943 1428 „
965 1347 1061 1442 quod
1073 1348 1205 1418 alumna
1215 1343 1475 1440 quodammodo
1490 1339 1546 1416 filii
1566 1343 1648 1417 loco.
1666 1342 1729 1424 sn,
1754 1334 1896 1416 Suetoni„
1917 1348 1952 1416 in
1982 1353 2093 1424 Claud.

499 1476 571 1554 cap.
590 1479 644 1544 39.
657 1475 694 1520 ex
708 1445 827 1519 familia
842 1443 1025 1518 educatoris
1037 1451 1059 1518 l.
1071 1449 1128 1519 88.
1144 1450 1176 1523 §r
1187 1455 1206 1515 6
1212 1499 1224 1518 .,
1234 1454 1284 1517 D..
1293 1446 1331 1516 de
1343 1448 1401 1546 leg.
1418 1473 1452 1517 a.
1464 1449 1499 1514 dc
1512 1441 1687 1540 quaefitum
1699 1441 1902 1540 aliqnando,
1918 1471 1962 1516 an
1976 1445 2093 1521 educa.

498 1569 589 1622 tores
602 1549 750 1620 alumnis
771 1539 835 1615 suis
849 1567 892 1616 ut
916 1543 990 1616 filiis
1006 1539 1215 1628 succederem
1229 1591 1245 1624 r
1263 1549 1291 1616 l„
1303 1573 1360 1634 ²4·
1380 1541 1507 1616 caude
1520 1543 1671 1648 Episcop.
1693 1549 1775 1617 aad.
1795 1546 1822 1614 1.
1833 1542 2043 1616 emiteribus
2058 1558 2094 1622 C.

499 1675 664 1721 commun..
675 1643 929 1736 desnccefflonib.
942 1644 1007 1716 Sed
1020 1645 1221 1721 Iustinianus
1234 1645 1347 1740 postet
1362 1638 1455 1716 hasce
1469 1645 1598 1738 nuptias
1615 1639 1731 1714 modis.
1746 1640 1908 1716 omnibus.
1922 1644 2092 1738 permiiit,
2164 1673 2170 1680 ·

499 1753 523 1821 Ι.
535 1755 579 1820 26
585 1800 594 1818 .
609 1747 684 1820 cod:
699 1741 888 1848 denuptiis.
912 1742 1065 1816 Tandem
1082 1791 1095 1822 ‚
1110 1744 1254 1846 semper,
1278 1769 1315 1815 ex
1329 1749 1349 1820 J
1352 1744 1419 1814 uris
1428 1745 1594 1814 Canoniei
1610 1735 1777 1837 disciplina
1789 1790 1806 1822 ,.
1825 1739 1849 1812 fi
1863 1739 1978 1814 mulier
1995 1748 2095 1838 quin.

500 1848 592 1942 quies
610 1843 660 1916 vel
673 1867 789 1940 quater
800 1839 929 1922 nubat,
953 1867 1026 1937 quae
1042 1845 1163 1938 nuptiae
1178 1850 1213 1914 δι
1224 1843 1306 1914 ideo·
1318 1865 1390 1912 non
1401 1838 1656 1922 benedicuntur,
1681 1867 1711 1912 c.
1724 1841 1890 1945 aperiam,
1913 1868 1989 1912 cum
2001 1845 2097 1920 duob.

490 1947 581 2044 seqq.
606 1942 774 2112 31..puajt
800 1967 829 2012 t.
846 1953 885 2024 ό*
898 1965 967 2044 cap.
987 1969 1017 2012 1.
1033 1952 1072 2024 όν
1086 1971 1116 2036 3.
1132 1966 1216 2014 extr.
1228 1943 1267 2013 de
1274 1941 1404 2032 secund.
1418 1940 1566 2112 nuptiis..
1752 1939 1757 1944 ⁵

547 2045 652 2134 Graeci
682 2045 810 2136 peciem
824 2040 908 2112 hanc
928 2063 1059 2134 ponunt
1080 2097 1087 2112 .
1113 2043 1205 2112 Licet
1221 2040 1357 2112 duobus.
1366 2038 1519 2112 fratri'us
1539 2040 1625 2112 duas·
1635 2033 1849 2113 consobrinas
1876 2037 2015 2124 ducere,
2039 2037 2098 2116 sed

497 2139 677 2308 ponestum
691 2139 841 2214 nonest:
867 2163 948 2212 nam
961 2134 1054 2212 soror
1071 2141 1184 2212 uxoris.
1191 2163 1271 2212 mete
1285 2160 1385 2212 vocat
1396 2163 1453 2210 me
1464 2143 1623 2212 maritum
1633 2133 1760 2210 sotoris.
1775 2135 1825 2210 vel
1840 2142 1997 2212 maritum
2011 2168 2099 2215 cou—

512 2239 657 2312 obrinae.

549 2343 590 2408 Et
604 2337 671 2408 hac
681 2337 819 2431 quidem
832 2336 873 2409 de
884 2337 1105 2411 honestatem,
1114 2341 1257 2434 Nuptiis*
1270 2332 1424 2410 servanda
1436 2391 1455 2422 ‚
1474 2337 1591 2435 quoad
1611 2331 1790 2432 personas,
1812 2334 2000 2452 gradusque
2018 2364 2097 2436 per·

499 2429 657 2506 sonarum
677 2468 688 2507 .·
712 2459 788 2504 nam
799 2434 836 2504 id'
849 2438 946 2506 etiam
961 2439 1093 2530 proprie
1102 2488 1121 2518 ,.
1141 2438 1282 2518 urdixi,.
1302 2435 1466 2506 indicatur
1478 2437 1580 2508 verbo
1602 2436 1835 2526 conjuneiioms
1851 2489 1866 2508 .,
1887 2443 1971 2510 Sunt
1984 2460 2094 2513 tamen

496 2537 532 2604 δι
546 2533 612 2607 aiiae
624 2529 797 2604 honestatis
811 2531 900 2631 leges·
910 2536 945 2604 in
960 2535 1185 2605 niattimoniis.
1202 2531 1457 2605 contrahendis:
1481 2533 1582 2605 veluti
1603 2537 1729 2606 ratione
1748 2529 1985 2630 personatum,
2010 2562 2092 2634 qua.

486 2655 574 2720 „rum
590 2623 834 2703 consensusetfi
862 2657 932 2701 non
952 2657 989 2701 err
1016 2625 1149 2724 praecisa·
1176 2631 1386 2714 accennare,
1412 2631 1628 2702 exhonestate
1657 2654 1766 2704 tamen
1797 2635 2012 2731 exquirendus
2032 2639 2092 2709 est:

496 2726 577 2802 item
589 2731 715 2800 tatione
735 2729 829 2812 toci„
849 2755 894 2800 ne
906 2731 1074 2800 temerein
1098 2725 1178 2799 villa
1198 2727 1461 2813 contrahantur,
1490 2727 1548 2800 nisi
1575 2729 1662 2802 forte
1681 2727 1870 2803 suburbana
1895 2734 2094 2830 testibusque

499 2823 727 2928 presentibus:
753 2827 795 2901 de
809 2825 972 2924 quo-vide
985 2851 1064 2926 quae'
1076 2825 1162 2926 apud
1178 2829 1361 2926 Apuleium
1371 2827 1604 2926 Mlefiascxta
1623 2881 1634 2918 ,
1659 2831 1695 2902 dt
1707 2828 1751 2922 in
1764 2833 1923 2938 Apologia
1933 2833 2072 2928 secunda
2083 2887 2100 2906 .
