4692 5960
832 293 1024 359 ι’.

736 415 770 430 .-

717 435 741 466 ν

432 469 569 650 nb?
677 529 1674 644 w'tucourcoruorutor

426 655 573 730 Romani
590 677 652 750 pro
665 648 741 726 belli
759 649 940 724 ne'cellirate
952 641 1051 726 mari
1066 677 1135 748 quq
1152 647 1245 724 causa
1260 643 1403 724 div'erlos
1426 656 1604 746 provinciis
1620 653 1806 734 uectores,
1832 647 1938 727 modo
1954 677 2025 724 ma-

426 763 496 850 jore
513 807 523 834 ,
550 757 680 826 minore
694 751 800 824 modo
813 777 891 838 cum
904 737 1049 848 imperio
1063 747 1279 848 praeficiebant
1301 758 1335 822 dc
1353 749 1632 838 commutabant,
1657 773 1693 820 ut
1710 751 1859 820 Historia
1872 755 2025 851 Augustae

427 859 608 949 Scriptores
628 851 769 948 passim,
796 846 999 932 Suetonius,
1024 855 1118 944 Dio,
1146 849 1354 946 Capitolinus
1383 850 1581 922 ostendunt.
1600 857 1726 945 ilerum
1740 849 1805 920 lnec
1821 849 2023 946 interpreta-

425 959 474 1026 tio
492 953 502 1040 ζ
528 978 631 1051 quam
647 951 744 1022 multi
761 976 870 1024 tamen
885 951 958 1048 post
971 955 1146 1050 Cujacium
1161 951 1313 1046 deinceps
1326 949 1494 1044 amplexati
1511 945 1586 1020 sunt
1603 999 1611 1028 ,
1637 951 1707 1018 imo
1722 972 1794 1043 quae
1812 949 1846 1019 in
1862 957 2025 1046 receptam

422 1060 492 1150 jam
508 1051 610 1123 ferme
625 1049 727 1136 abiit,
753 1049 954 1124 admittenda
968 1051 1096 1124 nonest
1113 1083 1123 1122 :
1152 1052 1364 1145 nequeenim
1387 1049 1421 1118 id
1434 1047 1476 1120 ad
1493 1055 1512 1125 J
1517 1055 1573 1120 US
1595 1049 1772 1145 provinciae
1793 1053 1925 1142 proprie
1954 1045 2025 1146 spe.

426 1155 505 1230 diat,
521 1148 574 1222 sed
590 1149 630 1221 ad
645 1145 804 1222 diversam
819 1173 950 1222 tantum
968 1151 1120 1224 Rectoris
1136 1153 1233 1221 unius
1250 1143 1459 1242 ejusdemque
1473 1151 1651 1242 provincia:
1666 1139 1803 1240 speciem
1809 1149 2024 1246 formamque.

425 1256 550 1346 Neque
565 1249 675 1320 videre
695 1251 793 1322 etiarn
810 1246 965 1344 possum,
990 1245 1142 1345 quisnam
1156 1249 1254 1340 hujus
1271 1248 1456 1342 questionis
1473 1241 1546 1318 usus
1561 1243 1621 1318 else
1634 1247 1778 1339 potuerit
1800 1245 1836 1315 in
1852 1248 2019 1334 δῙιιάιέἱὶῐ,

429 1377 499 1446 quo
513 1352 579 1420 hec
595 1347 644 1419 lex
658 1355 798 1420 omnino
816 1351 976 1446 pertinet:
1003 1355 1038 1432 dc
1054 1375 1127 1446 qua:
1146 1374 1186 1422 eo
1196 1345 1262 1420 fine
1276 1347 1457 1428 dicuntur,
1480 1371 1519 1418 ea
1533 1341 1640 1442 ipsum
1663 1347 1842 1416 Reitorem
1857 1343 1958 1420 ferme
1972 1375 2023 1422 re.

429 1447 571 1546 spiciunt
590 1499 598 1527 ,
629 1475 698 1518 non
715 1455 735 1526 J
738 1454 795 1520 th
809 1453 988 1544 provincie
1002 1507 1010 1524 .

456 1609 460 1616 .
478 1556 509 1620 's
512 1552 589 1618 ertia
604 1550 828 1640 interpretatio
850 1551 894 1620 est
909 1547 1077 1628 aliorum,
1103 1555 1138 1620 dc
1159 1552 1194 1622 in
1214 1548 1264 1620 his
1283 1548 1493 1618 Hotomanni
1512 1551 1549 1616 δε
1563 1543 1715 1619 Raevardi
1734 1598 1743 1628 ,
1769 1545 1923 1639 quihanc
1938 1553 2023 1623 tter.

428 1651 593 1742 accipiunt
615 1695 625 1728 ,
650 1644 691 1720 de
705 1651 902 1742 temporatia
919 1648 1078 1720 domicilii
1086 1647 1294 1744 provincialis
1307 1650 1468 1741 aptivato
1481 1645 1594 1742 aliquo
1611 1647 1793 1718 mutatione
1809 1671 1816 1716 τ
1844 1645 1908 1718 hoc
1924 1642 1976 1718 seu
1992 1677 2027 1736 u,

433 1745 669 1842 provincialem
684 1752 741 1840 qui
758 1751 790 1818 in
803 1751 979 1842 provincia
994 1747 1199 1820 domicilium
1213 1745 1333 1844 habet,
1360 1743 1381 1816 sr
1400 1745 1441 1816 ad
1459 1743 1557 1818 breve
1571 1769 1699 1846 tempus
1712 1741 1919 1816 domicilium
1932 1743 2028 1819 suum

315 1895 321 1904 ·
430 1849 607 1922 mutaverit
627 1844 690 1915 alio
708 1846 883 1945 migrando
899 1902 910 1933 ,
938 1875 1008 1920 non
1022 1849 1100 1940 ideo
1116 1869 1227 1917 tamen
1239 1869 1366 1916 mutare
1379 1841 1431 1914 vel
1443 1848 1592 1918 amittere
1604 1850 1654 1938 jus
1666 1845 1844 1940 provinciae
1856 1840 1941 1916 suae.
1970 1848 2026 1918 ld-

319 2025 326 2036 ,
343 1961 363 2018 .’
431 1971 497 2040 que
515 1943 695 2016 Raet‘arclus
709 1943 857 2016 firmabat
877 1969 1074 2048 argumento
1099 1951 1122 2018 l.
1134 1975 1168 2030 7.
1182 1946 1217 2016 in
1225 1970 1276 2048 pr.
1297 1955 1340 2018 D.
1354 1942 1411 2040 qui
1417 1943 1594 2034 fritislare,
1620 1969 1693 2038 quae
1708 1966 1745 2014 ex
1760 1941 1878 2016 eodem
1891 1944 2028 2040 Ulpiani

428 2043 515 2115 libro
540 2071 593 2134 14.
610 2043 650 2114 ad
664 2043 816 2116 Edistum
832 2041 1001 2142 desumpta
1016 2047 1078 2118 est:
1105 2044 1209 2117 &ubi
1221 2047 1329 2142 agitur
1345 2043 1514 2133 dejure&
1536 2042 1776 2140 praescriptione
1791 2040 1871 2112 fori:
1895 2067 2027 2145 permu-

430 2143 524 2214 raneli
540 2170 622 2214 voce
634 2169 697 2238 pro
715 2141 864 2216 mutandi
880 2169 1034 2242 accepta,
1062 2169 1099 2217 ut
1116 2151 1139 2218 l.
1156 2157 1210 2216 12'.
1237 2149 1265 2222 §.
1285 2172 1315 2215 1.
1343 2153 1387 2218 D.
1403 2144 1439 2212 le
1460 2143 1625 2244 religiofis:
1653 2155 1691 2224 cn
1711 2147 1733 2213 l.
1754 2169 1811 2212 22.
1827 2146 1856 2218 §.
1875 2168 1904 2214 1.
1931 2151 1973 2215 D.
1984 2146 2030 2218 od

434 2242 684 2345 municipalem,
708 2243 744 2314 ’δι
760 2243 846 2337 apud
859 2248 1085 2330 Ciceronem,
1111 2274 1172 2320 non
1199 2271 1261 2316 une
1275 2248 1359 2316 loco.
1385 2245 1436 2316 Sic
1454 2237 1548 2322 sane,
1576 2241 1708 2314 utillud
1725 2239 1866 2324 addam,
1894 2247 1929 2311 dc
1944 2265 2044 2314 tem--

457 2344 565 2412 orario
582 2339 675 2412 exilio
692 2390 702 2423 ,
729 2348 822 2434 cujus
838 2343 911 2416 alibi
925 2343 1078 2440 frequens
1091 2347 1217 2415 mentio
1232 2393 1239 2418 ‚
1257 2345 1416 2438 punitus,
1443 2343 1477 2410 in
1492 2345 1662 2438 provincia
1678 2335 1733 2410 sua
1748 2337 1803 2410 ubi
1824 2340 2029 2414 domicilium

428 2367 528 2512 babet
541 2438 711 2512 defendere
728 2436 759 2512 se
773 2447 903 2544 cogitur
918 2491 927 2524 ,
953 2451 986 2514 δέ
1007 2442 1029 2514 st
1045 2471 1115 2514 uon
1132 2440 1324 2513 defendatur
1338 2439 1428 2510 bona
1442 2447 1511 2530 ejus
1528 2461 1694 2518 veneunt,
1709 2445 1731 2510 l.
1754 2465 1809 2532 ις.
1825 2447 1871 2510 D.
1886 2441 1973 2536 quib.
1988 2469 2029 2512 ex

432 2543 528 2632 ιαμβι
541 2540 575 2609 in
585 2539 658 2642 poffi
673 2562 775 2612 eatur.
790 2541 982 2637 Eodemque
994 2545 1134 2638 pertinet
1149 2567 1185 2610 ex
1200 2537 1318 2611 eodem
1332 2541 1511 2633 Papiniano
1529 2543 1582 2607 lex
1596 2564 1655 2609 20.
1678 2540 1717 2607 de
1733 2536 1905 2608 minoribus
1919 2546 1956 2614 ἃς
1977 2545 2031 2612 lex

437 2641 492 2710 26'.
507 2641 536 2714 §-
553 2647 640 2711 1.D.
654 2667 693 2710 ex
708 2641 795 2738 quii.
812 2645 907 2742 causta
918 2648 1050 2733 majores
1066 2695 1073 2714 .
1091 2643 1244 2733 Denique
1259 2643 1293 2708 dc
1307 2631 1373 2733 ipsa
1387 2637 1421 2707 in
1433 2661 1619 2708 commune
1628 2634 1786 2718 domicilii
1802 2639 1885 2706 ratio
1898 2659 2028 2733 tempo·

435 2741 516 2810 raria
532 2738 598 2818 est,
626 2762 662 2810 ut
677 2741 764 2810 idern
783 2745 975 2836 Papinianus
992 2745 1026 2812 in
1038 2745 1061 2812 l.
1074 2739 1198 2824 libertas
1212 2763 1266 2827 17.
1283 2741 1312 2815 ἐ.
1327 2763 1383 2808 tt.
1400 2745 1446 2810 D.
1462 2738 1506 2806 al
1517 2734 1763 2840 municipalem.
1782 2741 1906 2809 Verum
1920 2763 2028 2832 neque

428 2837 500 2908 int:
516 2839 610 2908 nobis
624 2841 849 2935 interpretatio
861 2841 966 2936 placet
976 2895 987 2926 ,

484 2941 583 3008 Nova
594 2940 697 3037 igitur
717 2939 785 3010 ira'c
803 2943 1028 3036 interpretatio
1047 2939 1103 3012 diu
1115 2936 1330 3036 multumque
1350 2939 1509 3038 cogitanti
1530 2933 1690 3009 succurrit
1708 2936 1868 3032 pertinere
1881 2933 1966 3008 hanc
1980 2941 2028 3014 R.

432 3037 535 3107 rideri
557 3036 598 3106 ad
613 3036 757 3134 aliquam
770 3040 924 3140 ipſsresmet
935 3042 1115 3136 provincie
1129 3043 1395 3112 immutationem
1410 3089 1420 3118 ,
1448 3065 1481 3111 v.
1494 3065 1527 3137 g.
1541 3037 1583 3108 ad
1598 3039 1828 3109 UNIONEM
1847 3087 1858 3118 ,
1885 3039 2029 3128 conjun-

433 3135 580 3206 ettonem
595 3131 648 3207 seu
674 3137 919 3230 adjurastionem
936 3187 945 3222 ,
971 3154 1133 3230 ufroourur
1149 3142 1246 3210 unius
1261 3139 1439 3234 provincie
1452 3137 1493 3210 ad
1508 3134 1641 3208 alteram
1656 3138 1863 3231 provinciam
1880 3189 1891 3220 ,
1917 3129 1970 3206 seu
1985 3135 2030 3206 al-

431 3236 529 3306 terius
550 3239 725 3331 provintie
739 3235 918 3308 formulam
949 3243 1013 3328 (ut
1030 3240 1180 3334 loquitur
1195 3239 1335 3316 Plinius,
1365 3238 1418 3309 lib.
1438 3268 1467 3330 3.
1480 3265 1508 3308 c.
1525 3267 1557 3328 4.
1575 3245 1587 3329 )
1616 3239 1748 3329 Nempe
1762 3239 1849 3307 enirn
1864 3237 2027 3328 Principes

432 3339 604 3414 Romani,
631 3339 679 3406 uti
695 3339 882 3431 provincias
894 3361 958 3432 pro
975 3363 1085 3407 terum
1109 3335 1291 3408 ireceffitate
1303 3331 1385 3429 sepe
1408 3333 1597 3406 dividebant
1626 3339 1638 3422 l
1647 3333 1743 3428 quod
1756 3331 1896 3407 ostendit
1909 3333 1961 3404 vel
1978 3339 2030 3404 lex

439 3449 469 3524 3'.
488 3441 530 3505 D.
548 3435 585 3502 de
600 3435 673 3527 offic.
687 3435 789 3526 odseff.
804 3447 842 3516 (a
857 3439 880 3506 l.
898 3463 931 3524 9.
947 3445 992 3508 D.
1008 3435 1046 3506 de
1055 3435 1169 3550 postul.
1191 3431 1362 3502 Videndus
1378 3437 1412 3500 dc
1430 3433 1598 3503 Strabonis
1612 3432 1728 3513 locut,
1754 3431 1809 3512 lib,
1826 3437 1886 3504 ult.
1911 3434 2030 3505 Dionis

354 3541 358 3550 '
434 3528 489 3600 lib.
509 3557 566 3622 53.
584 3530 804 3605 &Claudiani
835 3537 900 3630 fiere
916 3533 970 3606 lib.
991 3563 1023 3606 2.
1048 3561 1084 3606 ru
1103 3541 1237 3634 Eutrop.
1255 3537 1266 3620 )
1295 3528 1395 3624 idque
1410 3533 1507 3602 etiam
1527 3534 1561 3602 in
1578 3529 1714 3603 Ecclefia
1725 3526 1921 3626 usurpatum
1939 3581 1949 3612 ,
1975 3534 2031 3606 ubi

434 3627 620 3724 frequentes
635 3624 823 3722 hujusmodi
837 3637 1084 3706 immutationes
1096 3650 1297 3716 occurrunt,
1311 3633 1356 3699 ita
1369 3651 1459 3702 retro
1473 3625 1527 3704 seu
1543 3653 1669 3702 mutata
1681 3633 1770 3712 vice,
1786 3657 2031 3733 nonnunquam

435 3729 622 3824 provincias
636 3725 716 3800 duas
732 3757 833 3803 unam
854 3734 889 3802 in
903 3730 1216 3804 administrationem
1240 3728 1479 3824 compellebant
1496 3779 1505 3812 ,
1530 3731 1796 3832 conjungebant,
1823 3734 1947 3824 unique
1960 3737 2031 3802 tte-1

434 3827 522 3897 'scoti
537 3830 726 3933 temporaria
736 3831 967 3938 permutatione
980 3831 1089 3928 plures
1104 3829 1313 3926 subjiciebant
1329 3862 1339 3901 .·
1356 3830 1449 3925 quod
1465 3831 1603 3904 ostendit
1619 3835 1716 3904 etiam
1729 3837 1781 3900 lex
1795 3831 1910 3899 need.
1927 3830 1964 3898 de
1979 3828 2031 3922 effi

438 3930 528 4019 Pras·
547 3937 587 4000 P·
602 3933 684 4026 Asr.
700 3937 734 4001 &
749 3936 843 4006 Nov.
861 3933 935 4028 loll.
954 3937 1010 4006 28.
1029 3959 1084 4024 29.
1100 3931 1205 4027 quue
1221 3985 1230 4014 ,
1244 3929 1295 4002 vel
1311 3927 1352 4002 stc
1369 3984 1380 4015 ,
1397 3953 1434 4002 ut
1450 3957 1515 4002 una
1528 3937 1594 4024 jam
1606 3930 1735 4004 alterius
1747 3931 2031 4020 opwdrmacceffio

437 4023 621 4098 censeretur
640 4077 650 4107 ,
677 4055 742 4100 una
767 4033 900 4104 aiteram
916 4037 1054 4104 nomine
1069 4029 1128 4103 suo
1151 4028 1310 4102 ambiret:
1336 4029 1387 4103 vel
1402 4025 1514 4101 saltem
1532 4053 1670 4132 utraque
1687 4029 1787 4103 veteri
1801 4027 1937 4098 nomine
1952 4052 2030 4100 nec·

438 4127 621 4223 quicquam
636 4149 766 4200 mutatu
783 4135 840 4202 uni
856 4131 1028 4228 eidemque
1043 4132 1181 4202 Redori
1200 4123 1353 4200 subesset.
1612 4125 1694 4186 θ’

487 4229 540 4297 De
553 4223 649 4321 hujus
665 4227 766 4324 igitur
779 4232 983 4323 temporarie
996 4229 1248 4323 permutationis
1264 4251 1365 4320 quam
1384 4231 1508 4322 patitur
1527 4225 1698 4324 provincia
1712 4223 1828 4300 effectu
1851 4227 1904 4299 hic
1929 4227 2030 4322 quari
2074 4299 2076 4302 .

436 4321 591 4404 ridetur,
619 4351 702 4396 num
720 4324 981 4426 ideo'pristinum
998 4321 1270 4400 PROVINCIAE
1286 4331 1367 4404 tos
1383 4327 1444 4398 hac
1457 4332 1653 4425 temporaria
1674 4331 1915 4424 permutatione
1929 4329 2028 4398 inno·

436 4447 554 4496 uatum
582 4420 775 4508 censeatur,
801 4425 914 4507 idest,
941 4449 1055 4499 utrum
1069 4453 1105 4499 ea
1117 4427 1193 4501 ideo
1214 4425 1254 4496 de
1275 4429 1521 4521 provinciarum
1539 4432 1682 4509 notitia,
1708 4426 1900 4508 matricula,
1924 4426 2028 4513 albo,

439 4520 536 4597 censu
548 4579 559 4612 ,
586 4549 727 4597 numero
755 4553 795 4599 ue
818 4529 978 4622 expendia
1003 4523 1123 4599 censeri
1140 4521 1280 4604 debeat,
1302 4525 1394 4599 velut
1408 4526 1537 4600 alterius
1550 4533 1615 4622 jam
1636 4529 1813 4624 provincia
1836 4551 1909 4622 pars
1923 4551 2030 4622 neque

438 4624 577 4718 amplius
591 4621 649 4694 alia
664 4618 716 4694 seu
726 4547 880 4700 diversa?
906 4623 1009 4714 Quod
1025 4625 1200 4698 dicendum
1214 4629 1329 4723 utique
1342 4623 1538 4711 videbatur,
1564 4655 1604 4699 eo
1626 4627 1720 4722 quod
1736 4625 1864 4698 alterius
1889 4629 2029 4721 provin·

440 4726 496 4791 cia
508 4725 636 4794 nomini
652 4729 687 4793 &
702 4723 972 4798 'administrationi
987 4721 1197 4820 subiiceretur
1213 4779 1221 4798 .
1248 4731 1288 4796 Et
1302 4725 1335 4795 id
1350 4747 1457 4795 tamen
1473 4727 1532 4798 lrac
1546 4733 1629 4827 Reg.
1645 4731 1754 4827 negari
1768 4727 1919 4808 videtur,
1936 4749 2030 4795 nem-

440 4843 507 4926 pe,
535 4849 605 4898 raon
616 4821 693 4896 ilico
704 4828 783 4920 quia
794 4829 990 4924 temporaria
1013 4853 1173 4920 muraena
1187 4828 1430 4921 pernuttatione
1446 4820 1499 4899 seu
1514 4831 1697 4906 mutatione
1711 4827 1782 4900 due
1797 4825 1976 4926 provincia
1995 4829 2031 4898 in

1933 4949 2036 4996 unam
