4724 5930
454 569 549 700 „3
768 549 1705 684 'Jnoonrcornorneor

443 733 487 804 pe
511 759 522 790 ,
554 689 608 776 rel
619 697 757 776 alienans
773 693 991 774 adidnerr'rin
1004 703 1162 795 judicium
1177 705 1284 775 invito
1304 703 1367 774 litis
1383 699 1523 774 domino
1534 757 1543 786 ,
1556 713 1561 720 '
1571 702 1764 796 perducere:
1790 725 1828 775 ut
1850 700 2001 800 loquitur
2017 704 2067 780 lex
2202 721 2205 726 ’

443 831 502 904 3¹·
529 813 573 879 D.
587 805 625 874 de
628 799 772 891 judiciis
790 847 799 876 r
825 807 859 870 δι
880 799 922 872 fic
931 797 1052 898 sponte
1071 829 1190 902 ageret:
1218 803 1268 874 vel
1280 829 1316 874 ex
1332 807 1403 896 jnte
1425 799 1516 872 alteri
1533 823 1744 896 competente
1762 856 1771 884 ,
1790 801 1846 874 srbi
1862 825 1973 876 tamen
1988 834 2068 906 age-

442 931 496 990 τε,
515 896 624 999 perse
639 897 1015 985 auioneminfene·,·ut
1032 905 1148 978 l¹aulus
1165 929 1196 994 5·.
1207 902 1291 993 sent.
1308 931 1342 992 4.
1357 905 1386 978 §.
1408 929 1437 994 3.
1451 899 1556 987 Quod
1571 901 1631 972 lrac
1648 905 1732 999 Reg.
1743 898 1942 999 denegatur.
1956 907 2064 978 Neur-

439 1029 483 1102 pe
501 1051 512 1083 ,
528 1003 573 1074 de
587 996 647 1073 suo
663 1023 833 1096 quemque
848 1025 918 1072 non
933 1001 974 1072 de
988 1000 1176 1093 alienojute
1192 1027 1285 1102 agere
1300 1000 1374 1074 licet
1388 1001 1438 1070 vel
1454 1024 1598 1096 oportet,
1616 1005 1637 1070 l.
1649 1027 1683 1091 5.
1703 1011 1747 1072 D.
1753 1004 1784 1094 fi
1798 1001 1916 1094 ususfr.
1925 1027 1990 1104 pet.
2015 1010 2069 1078 A:

442 1105 539 1178 lieno
557 1103 694 1172 nomine
709 1099 779 1198 lege
794 1125 812 1168 a
835 1125 888 1170 ete
904 1100 1040 1175 hicnon
1054 1101 1121 1183 est,
1150 1125 1212 1195 pto
1229 1101 1292 1172 alio
1309 1095 1359 1172 seu
1374 1099 1503 1170 alterius
1516 1104 1652 1170 nomine
1664 1098 1850 1194 srmpliciter
1864 1108 1980 1200 agere(
1992 1131 2063 1201 quo

441 1196 539 1272 sensu
558 1204 679 1274 Cicero
690 1223 747 1304 prr
763 1125 872 1288 Roscio
890 1203 1020 1272 Comedo
1028 1198 1162 1292 suifin.
1190 1203 1259 1288 Qui
1272 1199 1368 1304 persi
1382 1199 1470 1270 littus
1497 1199 1752 1293 contestaturfibi
1759 1197 1821 1288 firsr'
1842 1199 1942 1302 petit:
1966 1205 2063 1277 ulterr'

444 1329 535 1373 nemo
548 1299 664 1404 potest,
691 1299 750 1392 nist
762 1299 821 1396 qui
840 1301 981 1400 cognitor
992 1300 1033 1393 rsl
1040 1303 1174 1392 fellus)
1197 1325 1339 1382 verum,
1356 1299 1418 1392 fibi
1430 1326 1542 1398 agere,
1567 1325 1604 1370 ex
1631 1305 1699 1392 jure
1714 1297 1805 1371 alteri
1820 1321 1950 1372 tanturn
1965 1329 2060 1374 com-

443 1422 578 1496 petente
594 1421 631 1470 ut
642 1400 768 1470 Greci.
796 1407 908 1484 Quare
921 1425 990 1471 norr
1007 1399 1152 1470 multum
1167 1397 1281 1472 ablusrt
1297 1397 1466 1478 Bartolus,
1482 1424 1562 1470 cum
1574 1396 1653 1470 dixit
1668 1395 1745 1471 adl.
1762 1409 1838 1470 r.C.
1849 1398 2060 1498 drobsequiit,

442 1497 579 1570 duobus
598 1498 708 1568 modis
722 1497 822 1569 alieno
835 1499 960 1571 neruine
973 1501 1026 1598 agi
1042 1552 1053 1584 ,
1079 1523 1198 1596 nempe
1210 1498 1261 1570 vel
1273 1493 1498 1570 consentiente
1514 1498 1642 1580 altero,
1660 1496 1710 1570 vel
1726 1493 1827 1570 officii
1843 1502 1988 1602 ragione:
2003 1524 2060 1574 aut
2192 1505 2198 1514 ’

444 1627 486 1671 er
491 1603 571 1688 jure
582 1596 683 1668 aliero
696 1649 710 1679 .,
736 1599 843 1668 invito
856 1621 927 1669 eo:
955 1597 1022 1669 Alii
1036 1599 1069 1670 id
1085 1600 1130 1669 ita
1158 1593 1323 1682 efferunt,
1348 1591 1408 1667 ell'e
1433 1599 1577 1690 ustiones
1598 1595 1704 1674 alieno
1725 1601 1888 1678 nomine,
1913 1594 1968 1671 sed
1990 1627 2062 1674 uon

328 1775 334 1790 ,
443 1701 544 1769 etiam
559 1696 639 1794 legis
652 1698 796 1768 ausones
815 1699 952 1769 nomine
966 1698 1092 1770 alieno.
1120 1699 1226 1796 Igitur
1238 1701 1471 1770 Procuratores
1488 1749 1496 1772 ,
1523 1702 1689 1776 Tutores,
1704 1701 1884 1772 Curatores
1899 1725 1969 1773 non
1985 1699 2060 1771 alie-

445 1823 495 1870 no
510 1796 648 1867 nornine
661 1793 733 1893 lege
757 1822 775 1866 a
800 1816 876 1873 unt:
903 1799 1067 1891 quianon
1093 1795 1135 1868 de
1153 1791 1213 1867 suo
1230 1801 1302 1888 jure
1315 1817 1418 1894 agunt
1438 1850 1451 1880 ,
1477 1791 1531 1867 sed
1550 1797 1700 1896 legitimo
1721 1796 1845 1892 judicio
1866 1821 1996 1896 agunt,
2024 1821 2061 1870 ut

446 1894 612 1990 Ulpianus
628 1893 682 1965 tit.
702 1920 756 1966 ιι.
770 1822 887 1966 diserte
902 1895 1076 1990 loquitur:
1103 1917 1227 1997 agunt,
1244 1893 1337 1966 alteri
1353 1917 1496 1989 petunt,
1523 1893 1556 1968 id
1571 1897 1615 1967 est
1628 1895 1733 1968 alieno
1761 1899 1899 1972 nornine
1917 1901 2059 1970 interve-

446 1998 570 2072 nium,
597 1991 707 2064 alienis
721 1994 860 2092 negotiis
877 1989 940 2066 sese
957 1990 1122 2081 offerunt,
1149 1989 1352 2090 suscipiunt,
1380 1987 1477 2066 suffra
1500 2019 1598 2067 antur
1623 2022 1632 2066 t
1657 1995 1793 2070 asenam
1820 1991 1961 2090 denique
1991 2025 2060 2068 retu

446 2093 483 2166 in
490 2091 661 2183 judicium
679 2094 857 2178 deducunt,
874 2091 965 2165 elteri
983 2115 1101 2188 petunt
1118 2147 1126 2168 .
1153 2099 1206 2166 Ut
1222 2091 1361 2190 proinde
1377 2119 1447 2164 non
1464 2022 1584 2166 sinere
1597 2099 1744 2190 exceptio
1757 2093 1834 2168 lruic
1849 2092 1871 2166 l.
1888 2092 2057 2181 addenda,

446 2217 539 2268 erttrae
553 2219 650 2289 quem
658 2197 691 2286 fi
702 2201 920 2276 Procurator,
951 2195 1080 2281 Tutor,
1106 2203 1242 2266 Curatur
1265 2191 1392 2294 quisfit
1409 2242 1418 2270 ‚
1437 2215 1555 2288 utpote
1581 2219 1659 2264 curn
1673 2195 1707 2266 hi
1720 2219 1799 2268 curn
1826 2193 1886 2264 hac
1909 2197 1994 2292 Reg.
2012 2195 2059 2268 nil
2156 2257 2159 2262 .

446 2317 628 2368 commune
642 2291 781 2362 habeant
797 2344 808 2373 ,
835 2317 943 2386 neque
955 2290 1064 2363 alieno
1079 2296 1216 2364 nomine
1228 2292 1298 2392 lege
1313 2313 1410 2390 agant
1426 2345 1434 2364 .
1460 2296 1578 2367 Tettio
1592 2291 1668 2364 lrinc
1685 2317 1795 2389 patet,
1821 2317 1970 2387 quonran
1985 2289 2059 2366 sen-

450 2387 486 2462 su
499 2392 628 2461 dicatus
645 2443 657 2474 ,
683 2393 910 2470 NEMINEM
928 2391 1036 2462 alieno
1051 2394 1188 2464 nomine
1204 2391 1274 2490 lege
1290 2417 1383 2488 agere
1397 2386 1508 2484 polle:
1534 2393 1716 2476 neminem,
1740 2393 1850 2470 idest,
1876 2417 1918 2462 ne
1932 2416 2059 2487 patrem

446 2488 584 2584 quidem
595 2513 604 2568 3
632 2515 709 2560 narn
725 2488 766 2560 de
777 2488 844 2560 aliis
856 2488 1004 2584 liquebat
1021 2517 1029 2561 ι
1056 2517 1092 2562 ac
1109 2488 1264 2560 srdicetet
1277 2494 1339 2566 JC.
1354 2487 1536 2582 quamlibet
1561 2493 1596 2562 in
1623 2487 1724 2562 silium
1748 2514 1840 2585 patet
1865 2491 2057 2585 potestatem

445 2587 588 2672 habeat,
614 2586 659 2658 ob
675 2591 828 2678 injuriam
845 2611 953 2664 tanuen
970 2615 1043 2688 quse
1059 2585 1167 2660 solum
1183 2585 1286 2660 filium
1314 2589 1505 2685 contingit,
1531 2592 1601 2676 ejus
1615 2590 1751 2659 nornine
1772 2587 1843 2686 lege
1867 2613 2056 2686 agerernon

446 2683 555 2784 posse.
584 2693 623 2760 Et
638 2709 731 2781 pater
743 2689 866 2786 igitur,
893 2715 963 2759 non
980 2689 1085 2782 potest
1101 2686 1156 2759 filii
1172 2689 1309 2758 nomine
1323 2684 1392 2784 lege
1405 2711 1521 2782 agere,
1547 2683 1658 2770 idest,
1683 2688 1833 2782 proprias
1842 2683 1897 2759 filii
1910 2689 2057 2762 actiones

446 2781 581 2880 ejusque
596 2781 740 2882 persona
759 2793 793 2857 &
806 2783 927 2858 offilaus
943 2842 953 2872 ,
971 2785 1012 2859 src
1029 2810 1066 2860 ut
1081 2785 1212 2868 dicam,
1236 2785 1428 2858 inherentes
1444 2809 1615 2870 exercete,
1647 2781 1833 2876 cujusmodi
1859 2785 1905 2856 est
1924 2787 2056 2878 querela

335 2949 339 2958 .
445 2883 643 2970 inofficiofi‚
670 2891 728 2982 qui
745 2909 853 2957 tamen
871 2886 945 2958 alias
972 2891 1117 2960 actiones
1131 2887 1332 2982 pecuniarias
1359 2907 1432 2981 quae
1448 2907 1505 2984 per
1521 2881 1624 2955 filium
1635 2906 1691 2986 prr
1700 2884 1760 2974 se,
1786 2881 1841 2956 seu
1856 2881 1920 2976 fibi
1933 2884 2053 2980 adqui.
2156 2893 2161 2898 ·

447 3009 568 3057 tnnrnr
586 3035 595 3064 ,
622 3009 765 3056 exercete
779 2986 902 3080 potest,
929 2985 1022 3082 quod
1042 3011 1111 3057 non
1128 2987 1171 3056 esl
1184 2984 1289 3057 alieno
1307 2985 1444 3054 nomine
1460 2980 1528 3154 lpqe
1545 3007 1660 3082 agere,
1686 2977 1741 3055 sed
1766 2979 1826 3057 suo
1838 2983 2054 3079 proprioque.
2075 2987 2082 2996 ’

445 3087 500 3164 Sic
519 3107 631 3180 patet,
656 3107 783 3180 patrem
799 3111 870 3158 erm
885 3089 1079 3176 injuriarum
1094 3087 1260 3158 astionem
1276 3129 1286 3164 ‚
1311 3107 1385 3180 quae
1398 3104 1455 3176 pet
1507 3085 1574 3153 'uur
1588 3080 1646 3178 ipsr
1660 3082 1867 3179 adquiritur,
1894 3105 2052 3155 exercerer

447 3211 518 3256 non
534 3209 614 3254 reto
630 3209 701 3255 eam
716 3207 789 3282 que
804 3181 862 3278 ipss
876 3177 929 3252 seu
946 3179 1006 3261 soli
1019 3181 1086 3256 filio
1098 3181 1281 3282 adquiritur
1300 3235 1311 3268 ,
1336 3179 1438 3253 veluti
1462 3177 1629 3275 querelam
1654 3177 1851 3254 inofficiosrt
1875 3179 1928 3252 vel
1954 3182 2054 3254 etiam

446 3307 662 3356 communem
678 3279 734 3352 sibi
750 3288 784 3352 δι
801 3279 868 3354 filio
880 3286 1004 3373 injurie
1019 3285 1182 3354 actionem
1199 3286 1336 3354 nomine
1348 3277 1405 3352 filii
1429 3282 1538 3352 invito
1554 3305 1595 3352 eo
1609 3306 1755 3363 exercete
1771 3307 1841 3355 nou
1862 3275 1970 3375 posse.
1997 3283 2055 3352 Se·

411 3385 422 3402 “’
444 3381 561 3461 cundo
578 3378 619 3452 src
632 3401 724 3475 patet
745 3431 755 3464 ,
778 3403 1012 3475 contraquam
1027 3383 1182 3473 Cujacius
1200 3376 1295 3452 sensu
1313 3427 1324 3458 ,
1349 3379 1435 3450 rede
1460 3377 1545 3452 hanc
1559 3378 1724 3479 Regulam
1747 3405 1811 3476 pto
1827 3382 1952 3452 tatione
1969 3375 2053 3452 adsr-

319 3515 320 3520 1
404 3469 408 3478 ’
430 3483 542 3578 'gnari
560 3533 570 3562 ,
595 3505 655 3550 cur
670 3500 760 3573 pater
772 3505 842 3549 non
858 3479 956 3574 possit
970 3477 1137 3577 querelam
1151 3473 1324 3551 inofficiosi
1341 3475 1395 3554 silli
1409 3479 1547 3562 nomine
1561 3501 1621 3573 pet
1641 3473 1673 3550 se
1694 3483 1830 3580 eitequi:
1857 3503 1928 3548 non
1942 3479 2053 3550 minus

446 3601 553 3672 quarn
566 3575 670 3653 illam,
693 3577 857 3674 quiafilr'r‘
870 3579 997 3669 injuria
1012 3579 1075 3672 est.
1103 3577 1227 3656 Eodem
1251 3583 1339 3652 enirn
1355 3578 1565 3648 uexationes
1588 3575 1753 3662 redeunt,
1779 3601 1817 3650 ut
1839 3602 1877 3650 ex
1898 3602 1940 3650 eo
1963 3599 2053 3672 patet

411 3733 414 3738 .
449 3675 545 3772 quod
560 3673 707 3762 ostendi,
734 3675 895 3772 quidnam
907 3673 981 3750 esset
995 3681 1059 3780 lege
1069 3705 1159 3779 agere
1177 3733 1185 3752 .
1213 3681 1295 3750 Vice
1313 3671 1429 3762 versa,
1456 3671 1540 3750 filius
1556 3669 1621 3770 ipse
1633 3677 1741 3772 potest
1758 3672 1817 3750 suo
1833 3680 1970 3750 nomine
1983 3673 2055 3774 lege

446 3801 564 3874 agere,
589 3775 695 3854 invito
707 3797 818 3870 patre:
845 3799 882 3848 ut
900 3780 1095 3874 Papinianus
1108 3771 1225 3850 eodem
1235 3777 1322 3851 libro
1342 3803 1376 3871 5.
1401 3775 1629 3866 Quaestionum
1647 3775 1786 3874 ostendit
1812 3779 1848 3847 in
1869 3770 1918 3870 sp.
1948 3780 1972 3844 l.
1993 3801 2052 3865 37.

449 3871 496 3948 D.
509 3875 547 3946 de
563 3875 697 3946 adulter.
716 3879 728 3964 (
744 3873 800 3947 ubi
813 3875 944 3950 additur
957 3877 1026 3950 haec
1041 3881 1124 3950 tatio
1134 3923 1143 3956 ,
1155 3879 1334 3950 vindiciam
1348 3878 1434 3951 enim
1442 3875 1567 3980 proprii
1583 3874 1695 3948 doloris
1705 3875 1927 3970 consequitur,
1951 3869 2052 3956 idest,

448 3967 654 4068 persequitur
669 3984 682 4070 )
701 3982 735 4048 ὅ(
753 3976 913 4071 peculiare
927 3981 1077 4057 Ptaetoris
1092 3980 1264 4059 Edictum,
1291 3976 1387 4075 quod
1398 3999 1563 4048 memorat
1578 3981 1613 4044 δι
1627 3979 1856 4069 iuterpretatur
1873 3969 2052 4064 Ulpianus,

447 4073 512 4144 inl.
522 4069 618 4165 sedss
630 4073 726 4145 unius
747 4103 803 4162 ιγ.
819 4080 848 4153 §.
869 4103 924 4148 ro.
940 4080 984 4148 ud
1001 4078 1107 4172 sineru
1133 4079 1255 4176 usque,
1282 4075 1491 4162 dtinjurit't.
1518 4074 1638 4149 Eadem
1654 4069 1830 4142 &heredis
1843 4073 1911 4162 ejus
1925 4069 1985 4162 qui
2010 4066 2053 4140 de

450 4166 638 4244 inofficioso
653 4197 747 4267 agere
759 4195 910 4268 poterat,
936 4180 1019 4246 tatio
1034 4177 1102 4246 est:
1128 4203 1206 4253 nans
1224 4199 1332 4267 neque
1359 4178 1386 4243 is
1399 4171 1546 4244 defirrreti
1573 4173 1711 4242 nomine
1730 4167 1897 4265 querelam
1917 4189 2053 4238 movete

449 4271 584 4368 potesl,
609 4267 668 4341 nisi
679 4297 715 4342 ea
728 4293 838 4365 coepta
851 4271 902 4343 vel
916 4295 1092 4368 preparata
1105 4269 1268 4344 decesserit
1285 4319 1294 4352 ,
1320 4293 1357 4340 ut
1371 4266 1524 4340 desinitur
1535 4273 1562 4340 i.
1579 4277 1611 4341 6.
1625 4267 1661 4340 in
1667 4267 1737 4361 fin.
1763 4277 1810 4340 D.
1823 4269 1861 4339 dt
1877 4265 1963 4361 inoffi
1981 4265 2049 4359 test.

451 4397 528 4470 quae
542 4397 579 4444 ex
589 4367 657 4444 lroc
672 4363 742 4466 ipso
758 4369 894 4466 Ulpiani
904 4371 991 4444 libro
1009 4399 1063 4463 14.
1074 4369 1116 4444 ad
1129 4371 1281 4445 [dietum
1296 4424 1307 4454 ,
1333 4361 1504 4463 desumpta
1515 4367 1592 4439 huic
1606 4366 1770 4466 jungenda
1785 4367 1848 4440 est.

503 4471 697 4552 Postremo,
719 4493 759 4542 ut
772 4469 807 4546 id
827 4497 965 4567 quoque
978 4469 1117 4548 addam,
1141 4473 1185 4543 ait
1200 4469 1363 4564 Ulpianus
1381 4473 1530 4542 AGERE
1555 4470 1721 4553 nerninem
1743 4463 1832 4563 posse
1857 4465 1963 4538 alieno
1984 4489 2050 4538 no-

452 4575 568 4646 mine:
594 4570 667 4649 Alia
682 4595 762 4642 veto
773 4573 857 4642 tatio
868 4573 913 4642 est
934 4571 1099 4662 solutioris
1114 4579 1150 4644 &
1163 4568 1343 4665 constituti:
1370 4568 1477 4640 alieno
1492 4569 1615 4662 quippe
1628 4567 1763 4638 nomine
1777 4569 1874 4638 etiam
1889 4590 1953 4660 pto
1964 4565 2051 4635 invi·

452 4691 491 4740 to
505 4666 627 4742 solvere
642 4677 676 4741 δι
692 4672 887 4742 constituere
900 4666 1040 4770 quisque
1051 4673 1176 4766 potest,
1203 4669 1297 4766 quod
1312 4668 1475 4766 Ulpianus
1489 4667 1555 4738 lroc
1568 4660 1639 4762 ipso
1654 4664 1740 4738 libro
1758 4693 1812 4756 ¹4·
1840 4665 1881 4737 ad
1897 4663 2050 4736 fidiuum

452 4763 590 4852 scribit,
615 4773 649 4842 in
666 4775 811 4846 ltururur
833 4797 887 4858 ¹7·
904 4781 949 4844 D.
967 4773 1004 4842 dr
1019 4771 1155 4875 pecunie
1172 4769 1362 4862 constituta,
1382 4793 1455 4863 quae
1470 4775 1505 4838 δι
1518 4758 1584 4862 ipsa
1597 4764 1738 4861 proinde
1753 4765 1828 4838 huic
1842 4763 2050 4860 coniungen-

426 4879 434 4888 '
451 4865 496 4942 da
510 4869 579 4963 est,
605 4869 722 4953 &hoc
735 4867 870 4974 quidem
883 4895 966 4944 nexu
981 4869 1076 4970 quod
1087 4871 1236 4970 alioquin
1252 4873 1350 4944 etiam
1361 4863 1534 4983 confisique
1546 4870 1599 4939 lrx
1616 4891 1674 4939 22.
1690 4891 1748 4960 53.
1766 4875 1804 4950 θ’
1818 4891 1879 4956 91.
1894 4873 1940 4938 D.
1953 4859 2053 5036 ellestr-

514 5026 521 5038 „
1969 4983 2056 5032 utto·
