4692 5960
482 659 552 707 eno
681 567 774 715 ξ’..
869 629 1153 708 ΙᾹΟΟΒῙ
1201 629 1729 703 GOTHOFREDI
1849 683 1853 690 ·

475 731 594 828 doque
610 723 749 801 dabatur
759 727 908 812 inertes,
934 753 971 798 ut
984 729 1017 799 d.
1032 733 1053 800 l.
1074 755 1104 802 r.
1122 731 1150 806 i.
1167 755 1199 800 r.
1218 723 1259 798 ad
1274 726 1549 800 remunerandum
1566 775 1576 807 ,
1600 728 1802 801 honorariam
1816 727 2008 814 dicebatur,
2037 755 2076 808 ut

475 829 618 926 proinde
636 827 820 923 fiimpcrite
834 819 979 898 versatur
991 825 1088 900 fucrit
1102 879 1114 911 ,
1141 825 1199 897 srbi
1212 827 1376 921 imputare
1389 824 1503 898 debeat
1519 830 1669 922 quicum
1697 827 1862 910 adhibuit,
1889 855 1927 903 ut
1953 831 2074 906 dicitur

471 930 510 1000 d.
520 933 542 1000 l.
562 955 592 1001 1.
610 931 639 1005 §.
660 954 690 998 r.
703 924 988 1021 quemadmodum
1002 921 1141 998 solemus
1157 923 1317 998 dicetede
1328 949 1395 1010 eo,
1414 928 1603 1022 quintinus
1618 925 1765 1032 diligenti
1777 931 1885 1000 amico
1898 956 1971 1002 rem
1984 925 2076 1004 suam

471 1025 666 1105 commisit,
691 1031 721 1104 §.
745 1052 775 1098 1.
793 1024 869 1118 Ins.
884 1024 972 1120 quib.
988 1027 1071 1096 mors.
1088 1052 1132 1098 rt.
1153 1028 1259 1102 §.vulo
1275 1023 1349 1116 Infl.
1365 1024 1579 1118 desocietare:
1605 1023 1658 1096 vel
1679 1025 1767 1121 apud
1792 1052 1873 1098 eum
1896 1024 2074 1123 deposuit.
2189 1073 2194 1080 ·

471 1125 587 1198 Sed&
606 1119 765 1196 mensoris
779 1121 952 1196 admissum
965 1121 1357 1218 emendarisacilepotest
1372 1177 1384 1206 ,
1410 1121 1587 1221 quomodo
1602 1123 1767 1206 emendati
1788 1151 1858 1195 non
1872 1128 1976 1220 potest
1993 1131 2074 1199 arti-

474 1221 615 1304 ficisaut
628 1222 754 1294 Medici
766 1219 956 1307 admissum,
981 1227 1036 1296 cui
1051 1217 1122 1296 sero
1135 1219 1297 1294 medicina
1312 1219 1509 1294 adhibetur:
1534 1221 1586 1294 vel
1606 1221 1749 1319 denique
1761 1221 1878 1317 judicis
1894 1245 1950 1298 aut
1965 1221 2071 1299 adses-

474 1315 582 1404 soris,
608 1321 791 1417 quia-dieta
804 1315 901 1394 sernel
915 1317 1070 1394 sententia
1087 1323 1254 1394 immutari
1267 1319 1406 1417 amplius
1421 1347 1491 1394 non
1503 1322 1632 1418 potest.

521 1413 619 1491 fiir-su
643 1418 802 1494 erioribus
814 1427 881 1512 jam
895 1417 1018 1494 affatim
1033 1421 1159 1516 liquere
1173 1419 1305 1516 potest,
1334 1443 1505 1516 perperam
1521 1423 1662 1493 omnino
1679 1420 1832 1492 cnm'hac
1847 1423 1933 1522 Reg.
1957 1418 2078 1496 misce·-

473 1517 504 1590 ti
518 1539 584 1589 tres
629 1521 636 1533 '
657 1519 879 1612 sbujuseituii
894 1517 1064 1619 Regulus,
1085 1515 1228 1615 etfiipsa
1243 1515 1404 1590 decisione
1418 1523 1453 1591 in
1467 1543 1583 1619 genere
1601 1517 1837 1590 concordent:
1863 1541 1943 1614 puta
1968 1519 2075 1634 legem

413 1643 421 1650 ·
476 1617 725 1720 §estepani
742 1621 842 1714 (quo
858 1612 1092 1694 seDeciushic
1109 1617 1231 1710 refert)
1264 1617 1321 1690 ubi
1335 1617 1486 1692 dicitur:
1514 1615 1714 1722 Culpamffl
1727 1617 1903 1707 inuisam
1920 1617 2073 1709 literati
2113 1691 2122 1698 .

467 1715 578 1804 finan
585 1712 758 1817 pertinenti
775 1743 783 1788 e
811 1715 958 1804 Quiaiex
973 1717 1025 1788 illa
1040 1718 1167 1790 nonest
1186 1713 1227 1790 de
1241 1719 1400 1812 imperitia
1426 1719 1527 1796 attis,
1545 1741 1649 1812 quam
1662 1717 1738 1811 quis
1751 1715 1925 1812 pollicetur
1935 1771 1947 1802 ,
1957 1743 2076 1792 verum

471 1811 818 1904 demnvaepeyuo‘rum,
842 1809 899 1887 seu
914 1813 954 1886 de
968 1842 1078 1890 rerum
1090 1815 1269 1888 aiienarum
1287 1841 1365 1888 cura
1392 1821 1429 1886 δι
1456 1811 1665 1888 curiositate.
1690 1821 1775 1897 Item
1800 1839 1972 1912 perperam
2008 1817 2077 1891 huc

470 1910 612 1984 trabitur
623 1914 830 2018 l.r08.firpra
844 1965 854 1994 ‚
867 1939 938 2010 quo
951 1917 1107 2012 Cujacius
1121 1910 1186 1988 sese
1196 1913 1250 1992 hic
1264 1912 1382 1998 resert,
1400 1912 1456 1986 ubi
1470 1911 1591 1988 dicitur
1601 1965 1613 1999 ‚
1621 1919 1693 2007 fere
1704 1913 1742 1987 'in
1755 1913 1896 1987 omnibus
1900 1915 2074 2016 penalibus

460 2007 1006 2116 judiciisimprudentiasuccnni:
1031 2018 1110 2113 qnia
1123 2010 1341 2120 imprudentia
1356 2012 1401 2085 ibi
1416 2041 1485 2085 non
1498 2014 1543 2085 est
1565 2013 1726 2108 imperitia
1754 2015 1850 2093 attis,
1875 2035 1992 2084 verum
2013 2041 2075 2085 ru-

468 2107 596 2180 sticitat.
611 2109 725 2184 Multo
734 2117 844 2186 minus
857 2139 935 2186 curn
948 2113 1008 2186 hac
1017 2120 1106 2216 Reg.
1121 2107 1327 2186 commisceri
1342 2114 1450 2206 patior
1462 2117 1561 2214 legent
1579 2121 1658 2201 176.
1672 2111 1709 2184 in
1718 2111 1825 2214 princ.
1840 2113 1930 2203 infra
1940 2113 1996 2184 ht.
2014 2111 2073 2184 ubi

340 2209 345 2218 '
466 2204 689 2282 dicitottNon
702 2211 1144 2312 effijirrgusiscottctdtndnm,
1157 2213 1243 2311 quod
1252 2235 1309 2315 per
1325 2211 1557 2312 Magistrum
1588 2211 1787 2313 ablicepoffit
1800 2210 1879 2302 ficri:
1900 2213 1988 2298 Quia
2004 2215 2094 2302 ch

459 2329 495 2473 g
558 2302 611 2376 illa
624 2310 752 2379 nonest
765 2309 806 2381 de
819 2315 980 2404 imperitia
994 2366 1006 2395 ‚
1035 2309 1089 2384 sed
1105 2313 1146 2385 de
1161 2307 1372 2405 usurpatione
1384 2317 1452 2402 ejus
1485 2235 1588 2407 quod
1606 2310 1648 2382 ad
1677 2311 1908 2409 Magistratum
1920 2312 2071 2404 pertinet.

369 2461 379 2502 ·.
495 2404 595 2474 ariter
604 2401 669 2476 buc
681 2406 765 2478 trabi
779 2409 860 2480 nolo
872 2411 896 2480 s.
912 2409 1066 2496 Julianus
1077 2437 1094 2482 r
1106 2440 1136 2503 3.
1150 2415 1180 2488 §.
1196 2407 1278 2505 qnid
1290 2431 1412 2486 tamn,
1438 2417 1485 2482 D.
1496 2411 1536 2481 de
1548 2413 1608 2480 aii.
1620 2409 1741 2510 erepti,
1767 2407 1824 2479 ubi
1839 2409 1978 2492 dicitur,
1989 2431 2071 2478 ven-

154 2561 157 2570 ,
467 2495 663 2574 ditotcmer
678 2527 792 2600 empto
805 2505 1037 2580 tenerisrcum
1049 2512 1215 2608 ignoraret
1229 2499 1357 2576 servum
1368 2503 1502 2588 furem,
1528 2501 1727 2576 adseveravit
1740 2504 1835 2576 bonae
1850 2504 1938 2604 frugi
1966 2511 2002 2574 &
2029 2503 2071 2575 fi-

86 2621 91 2630 ·
196 2623 200 2634 ’
281 2617 289 2652 -'
467 2595 548 2682 dei,
576 2607 698 2674 &care
711 2603 883 2678 vendidit.-
907 2610 1000 2694 Quia
1010 2633 1086 2678 non
1100 2605 1153 2678 bic
1166 2605 1329 2698 imperitia
1344 2603 1429 2672 artis
1454 2625 1557 2698 quam
1584 2605 1659 2697 quis
1684 2599 1884 2696 profitetur,
1907 2605 2075 2686 vertitur,

468 2717 588 2769 tetum
598 2698 736 2773 facilitas
751 2697 806 2776 seu
821 2709 983 2778 temeritas
1001 2756 1011 2785 ,
1038 2704 1150 2776 levitas
1168 2757 1179 2788 ,
1204 2706 1240 2774 in
1255 2697 1474 2774 adseverando
1487 2725 1562 2796 quae
1582 2698 1782 2801 ignorabat,
1809 2695 1863 2770 seu
1881 2698 2020 2772 facilitas
2030 2699 2075 2772 ad

467 2801 673 2872 temerariam
685 2799 947 2882 indicationem,
973 2825 1011 2876 ut
1022 2803 1071 2876 ibi
1086 2803 1232 2874 dicitur.
1260 2801 1416 2895 Denique
1430 2823 1539 2894 neque
1567 2799 1633 2872 huc
1659 2803 1800 2894 pertinet
1828 2792 1875 2893 sp.
1894 2803 1918 2871 l.
1936 2825 2011 2870 crim
2036 2798 2075 2870 in

463 2897 573 2997 plnres
590 2907 647 2970 60.
661 2904 694 2978 §-
710 2929 746 2990 4.
762 2910 808 2975 D.
818 2902 938 2989 iocati,
968 2902 1024 2975 ubi
1037 2897 1189 2975 aduersus
1204 2898 1421 2972 architectum
1435 2892 1488 2969 seu
1503 2897 1747 2995 redemptorem
1776 2899 1902 2992 operis,
1929 2901 1988 2994 qui
2012 2894 2077 2968 fal-

124 2973 128 2980 ‚
253 2999 263 3024 ”
282 2946 304 3038 ‘i‘
415 3035 418 3040 ·
468 2987 541 3066 sum
557 2992 924 3092 expensarum-modum
938 3004 1189 3099 pronuntiavit,
1216 2994 1470 3070 actiodaturad
1493 2997 1711 3092 repetendum
1732 2993 1828 3092 quod
1852 3018 2075 3162 prorogatum

245 3117 249 3126 ·
465 3092 511 3164 est
529 3097 542 3182 (
556 3098 609 3167 cui
631 3103 789 3172 convenit
801 3099 948 3198 alioquin
963 3100 1091 3201 elegant
1103 3101 1248 3172 Vitruvii
1259 3095 1352 3170 locus
1366 3092 1423 3168 tib.
1437 3098 1523 3188 ult.)
1540 3099 1620 3192 quia
1628 3096 1678 3168 ibi
1691 3119 1762 3166 non
1771 3096 1935 3189 imperitia
1960 3095 2073 3188 persta.
2170 3125 2175 3130 ·

464 3209 549 3277 tur,
574 3219 691 3268 verum
706 3194 774 3292 ipsa
787 3195 864 3273 salsa
881 3203 1084 3272 renunciatio
1102 3247 1114 3281 ‚
1138 3194 1333 3270 unde-unde
1347 3221 1385 3266 ea
1410 3195 1569 3289 procedat
1584 3248 1594 3267 .
1620 3201 1682 3266 Hae
1699 3197 1837 3362 inguam
1854 3185 1972 3287 species
1990 3217 2086 3270 oma

175 3273 178 3280 .
242 3245 247 3256 ·
323 3317 335 3342 ,ι
461 3311 523 3402 1¹5⁵
537 3288 578 3362 ab
593 3291 690 3386 hujus
705 3299 791 3396 Reg,
806 3292 1100 3392 speeieseparandae
1114 3293 1190 3370 sunt
1205 3303 1241 3368 δι
1255 3289 1501 3367 submovendae.
1519 3292 1585 3366 Etsr
1598 3317 1716 3368 verum

1756 3315 1770 3361 t
1786 3345 1797 3376 ,
1813 3285 1978 3386 superiora
1992 3317 2071 3363 om-

76 3481 81 3492 ·
154 3401 159 3411 '
217 3443 221 3450 ·
260 3399 285 3494 s
305 3377 319 3466 ’.
357 3381 370 3424 ·’
464 3411 519 3458 mr
534 3414 603 3463 non
614 3394 727 3464 minus
742 3419 844 3490 quam
858 3397 1057 3490 imperitiam
1073 3393 1177 3490 culpae
1188 3395 1413 3465 adnumerari:
1441 3397 1541 3494 Culpa
1555 3388 1675 3468 scilicet
1689 3391 1815 3490 generis
1841 3415 1966 3462 nomen
1999 3385 2075 3471 esti

110 3495 113 3502 ’
149 3527 152 3534 ’
197 3499 230 3580 ’ξ
247 3557 262 3590 ⁸.
462 3477 1264 3590 subquocontineturnontantumartisquam
1290 3491 1366 3587 quis
1393 3487 1590 3582 pollicetur,
1616 3491 1800 3584 imperitia,
1826 3490 2072 3562 verumetiam

192 3611 195 3618 .
228 3643 231 3652 Ι
289 3611 303 3642 ι,
349 3665 352 3670 Ι
408 3673 411 3682 ἱ
461 3582 708 3678 imprudentia,
733 3591 911 3668 rusticitas,
932 3593 1017 3664 item
1031 3617 1325 3680 eraunpaeypumn,
1353 3586 1700 3682 Curiaſstasaerdelianis
1723 3590 1932 3688 ignorantia,
1959 3591 1994 3658 δι
2009 3613 2070 3660 au.

133 3681 136 3692 ’
173 3737 181 3752 t
292 3729 333 3757 ·.·-
462 3679 623 3754 &utitatis
636 3683 774 3779 publice
790 3681 983 3784 usurpatio,
1008 3689 1147 3774 levitas,
1173 3685 1228 3762 seu
1246 3689 1433 3760 temeritas:
1458 3693 1529 3760 Tot
1544 3683 1662 3762 scilicet
1686 3685 1790 3782 cul'pae
1815 3711 1932 3786 genera
1962 3677 2062 3766 sunt,

78 3790 135 3866 ἦ,
179 3877 182 3884 ,
228 3787 250 3834 ”
279 3831 284 3854 s
312 3779 335 3874 ᾗ
462 3772 586 3854 seutot
601 3781 711 3858 modis
725 3784 822 3881 culpa
836 3787 1065 3896 commititur:
1087 3783 1147 3865 -sed
1159 3785 1276 3866 dircen
1286 3812 1405 3866 eontra
1418 3785 1538 3892 gradus
1551 3783 1647 3878 sunt,
1672 3791 1708 3860 &
1724 3785 1898 3884 dequibus
1912 3781 2069 3870 aiitcrat·n

328 3959 332 3968 .
461 3875 957 3985 gueditmjussaepedicitue.
1138 3911 1144 3920 ·
