4692 5960
1423 254 1443 298 (

1584 391 1586 394 .
1628 365 1683 452 ‘a'
1756 395 1782 484 ξ

478 551 539 628 ne
562 549 733 624 irenen.
760 537 907 618 rene.
934 543 995 614 xt.
1021 535 1155 608 cort.
1182 531 1334 610 rnrcr.
1361 535 1494 610 troo.
1521 533 1637 610 rans
1664 537 1724 610 m.
1745 505 1765 552 ·’
1840 569 1908 633 107
2008 550 2011 560 ·

299 681 383 730 vum
400 655 632 724 manumittere
648 641 841 750 togatusest
852 694 864 730 ,
891 637 1032 734 relinqui
1045 635 1191 738 legatum
1214 635 1265 706 vel
1281 631 1566 745 fideicommillurn
1593 663 1665 710 non
1684 625 1813 734 pote'st,
1838 650 1863 719 l,
1875 675 1906 721 2,

300 759 348 832 D.
361 753 448 852 quil.
459 755 503 825 od
515 747 749 842 libero-jun&
760 750 783 818 l.
794 749 886 848 piune
890 745 922 840 fi
925 737 1067 834 filiunt,
1084 739 1114 814 i.
1126 741 1186 808 ult.
1203 735 1242 806 de
1254 738 1313 836 leg.
1330 761 1363 811 r.
1380 733 1557 814 Excudem
1570 735 1809 828 fundamento,
1826 772 1906 820 cum

301 879 342 1028 qo
355 857 414 968 qui
427 855 568 948 acceptis
582 849 729 921 nummis
750 838 881 918 seruum
894 835 1107 922 meremini,
1132 833 1175 912 de
1189 839 1224 908 in
1245 853 1317 914 rem
1332 830 1426 916 retso
1445 837 1500 946 agi
1517 864 1589 914 non
1609 838 1740 934 potest,
1764 844 1788 912 I
1807 875 1839 919 2,
1856 857 1903 920 D,

364 983 387 1025 n
422 981 471 1024 ero
485 979 543 1025 ver
557 978 597 1022 o.

323 981 471 1148 ellelque
486 949 670 1149 quidquam
684 1044 735 1118 his
755 1041 859 1118 obstat
871 1047 924 1116 lex
938 1049 995 1116 26.
1013 1047 1059 1114 D.
1076 1041 1113 1112 de
1131 1032 1279 1110 eoirrion.
1308 1031 1364 1108 ubi
1388 1033 1585 1117 manurnilli)
1605 1035 1647 1112 ab
1661 1061 1812 1134 emptore
1837 1041 1907 1120 ser.

301 1173 373 1238 ro,
399 1179 478 1224 mort
491 1152 622 1233 ovidio,
647 1146 791 1241 emptori
805 1145 890 1215 acrio
906 1141 1002 1214 datur
1014 1131 1168 1212 adversus
1192 1135 1425 1222 venditorem,
1451 1143 1512 1236 qui
1527 1139 1669 1216 alienum
1693 1137 1795 1216 sciens
1823 1171 1907 1220 vena

302 1251 386 1324 didit
403 1303 412 1332 ‚
428 1253 474 1324 ob
487 1251 521 1322 id
531 1243 639 1344 ipsum
655 1243 749 1344 quod
765 1243 919 1316 libertum
935 1267 1006 1320 non
1021 1239 1155 1313 lrabeat:
1174 1237 1277 1312 Unde
1290 1239 1478 1338 colligitur,
1493 1239 1780 1334 quemadmodum
1792 1249 1851 1340 qui
1866 1247 1906 1320 li.

187 1395 191 1406 ι
300 1351 435 1431 bertum
444 1346 571 1434 amisit,
588 1373 629 1419 eo
651 1346 825 1444 pauperior
841 1341 945 1414 nous
959 1337 1110 1426 videtur,
1125 1344 1169 1412 ita
1186 1343 1258 1410 vice
1274 1334 1364 1410 versa
1380 1336 1628 1433 locupletiorem
1645 1343 1787 1420 omniuo
1805 1345 1908 1419 videri

304 1455 363 1546 qui
380 1449 534 1523 libertum
554 1443 728 1544 adquisivit
744 1495 754 1518 .
781 1439 1065 1540 Respondendum
1083 1443 1173 1522 enim
1188 1439 1258 1524 est,
1281 1463 1352 1510 non
1378 1435 1443 1509 dici
1457 1463 1494 1508 ea
1519 1437 1541 1510 l.
1558 1441 1790 1544 locupletiorem
1804 1470 1906 1540 quem

304 1547 431 1626 {adium
447 1551 507 1646 qui
525 1547 680 1620 libertum
692 1541 867 1641 adquisivit
885 1591 895 1624 ‚
919 1534 973 1612 sed
988 1543 1133 1634 emptori
1145 1540 1255 1612 evidio
1269 1535 1326 1618 fibi
1342 1529 1468 1608 servoa
1485 1531 1747 1626 semanumillo‚
1774 1569 1811 1616 ex
1826 1569 1907 1616 ven.
2014 1605 2017 1612 ,

307 1647 380 1721 dito
396 1651 561 1720 addonem
582 1667 770 1738 competere
788 1669 829 1718 eo
843 1663 975 1722 tantum
990 1641 1127 1710 nomine
1167 1637 1237 1710 uod
1250 1635 1404 1708 libertum
1418 1661 1488 1706 non
1501 1635 1640 1718 habeat,
1667 1664 1738 1711 non
1753 1643 1848 1740 quod
1859 1649 1908 1718 10.

263 1769 267 1776 ·
305 1749 461 1850 repletior
473 1745 603 1820 futurus
618 1737 735 1822 foillet,
746 1740 768 1819 fi
778 1745 805 1812 is
817 1744 845 1812 ei
857 1741 982 1813 evidus
997 1765 1067 1812 non
1083 1663 1202 1813 rutilii:
1215 1761 1292 1808 nam
1306 1739 1377 1808 imo
1389 1761 1430 1806 eo
1444 1739 1580 1815 nomine
1592 1739 1678 1811 aerio
1688 1741 1719 1813 ei
1731 1769 1802 1814 non
1812 1769 1911 1816 eom-

307 1849 390 1942 petit
403 1835 422 1933 ,’
441 1871 520 1919 cum
536 1841 803 1919 manumittendo
814 1865 891 1912 eum
906 1837 1078 1914 voluntate
1092 1831 1146 1910 sua
1166 1835 1370 1934 perdiderit,
1397 1859 1512 1906 verum
1536 1837 1751 1934 quiainrercst
1775 1847 1844 1936 ejus
1868 1845 1909 1915 li.
1933 1901 1938 1910 ,

308 1945 440 2019 bertum
457 1943 598 2020 habete:
623 1968 697 2038 quo
713 1941 850 2011 nomine
864 1939 950 2010 aelio
961 1939 1064 2030 empti
1078 1940 1106 2008 ci
1121 1939 1304 2032 competit.
1332 1938 1394 2012 Uti
1410 1959 1498 2006 tetro
1513 1937 1547 2007 in
1565 1933 1612 2032 sp.
1640 1943 1663 2010 Ι.
1686 1939 1783 2036 idque
1803 1969 1862 2034 45.
1881 1947 1910 2020 §.

307 2049 369 2118 ult.
384 2046 419 2116 iu
426 2045 496 2139 jin.
511 2053 558 2118 D.
575 2044 612 2114 de
626 2046 686 2116 uri.
701 2038 821 2147 empti,
848 2057 981 2131 emptor
994 2057 1157 2130 exempto
1172 2039 1336 2110 actionem
1351 2061 1422 2108 non
1433 2034 1558 2120 lubet,
1585 2035 1608 2110 si
1630 2034 1822 2118 manumiss'a
1839 2069 1912 2114 em.

308 2147 415 2240 proris
430 2139 806 2240 patronatumelegeritr
833 2139 912 2232 quia
926 2133 1008 2216 nihil
1023 2141 1091 2227 ejus
1099 2135 1252 2219 interest,
1279 2159 1449 2216 tumeam
1474 2131 1623 2208 libertam
1653 2135 1771 2218 habet:
1798 2149 1912 2228 Quam
1985 2143 1990 2154 ’

313 2264 425 2313 tamen
438 2243 543 2342 legem
564 2239 642 2313 huic
656 2238 679 2310 l.
691 2237 781 2310 velut
795 2237 997 2318 contrariam
1011 2231 1187 2306 Accurstus
1200 2231 1289 2316 ¹male
1304 2237 1447 2330 opponit
1461 2287 1469 2305 .
1495 2233 1590 2312 Nihil
1604 2237 1704 2316 etiam
1732 2263 1914 2312 commune

311 2339 410 2414 habet
427 2365 505 2414 cum
520 2339 580 2410 hac
595 2338 721 2433 llexfi
733 2358 807 2416 vero
824 2343 885 2422 64.
898 2337 928 2410 §-
949 2359 983 2424 ς.
998 2341 1044 2406 D.
1051 2332 1154 2423 soluto
1182 2333 1326 2414 marrim.
1349 2335 1430 2429 quia
1457 2332 1522 2416 hoc
1548 2331 1593 2404 ibi
1620 2333 1793 2424 definitur,
1820 2333 1914 2410 servo

244 2434 259 2460 ‘¹
311 2445 421 2512 uxoris
435 2431 632 2511 manumillb
643 2465 663 2508 a
675 2437 795 2516 morito
810 2429 953 2520 mulieris
967 2429 1126 2532 negotium
1133 2455 1261 2532 gerente
1277 2481 1287 2510 2
1312 2435 1468 2516 maritum
1496 2435 1590 2504 uxori
1621 2435 1783 2506 restituere
1799 2435 1916 2510 debere

309 2537 478 2636 quidquid
492 2537 533 2610 ad
548 2562 625 2610 eum
636 2537 808 2634 pervenit,
830 2529 923 2628 qnafi
979 2555 1138 2604 tronum:
1163 2534 1302 2632 Negotii
1321 2527 1439 2618 scilieet
1453 2532 1530 2632 gelli
1558 2537 1684 2618 ratione
1698 2538 1842 2622 ‚maritus
1864 2533 1915 2618 ibi

313 2644 410 2713 uxori
424 2637 557 2713 reddere
570 2659 727 2718 tenetur,
752 2629 850 2732 quod
863 2655 904 2714 ert
918 2631 939 2706 l'
1001 2653 1038 2704 to
1056 2629 1237 2717 lucrifecit:
1263 2655 1423 2742 tanquam
1440 2653 1629 2738 patronus.

713 2841 767 2910 Dr
789 2833 1078 2908 Possessottts
1088 2833 1173 2934 jure
1196 2829 1234 2904 io
1257 2833 1346 2902 lucro
1365 2830 1504 2934 potiore,-

797 3033 831 3117 5.
853 3031 949 3107 com
973 3027 1015 3102 de
1039 3024 1134 3102 lucro
1161 3055 1194 3102 r.
1221 3029 1316 3140 Legis
1345 3035 1426 3114 126,

548 3237 631 3306 Curu
656 3229 808 3306 de'lucro
830 3227 969 3301 duorum
992 3249 1169 3328 queratur,
1188 3228 1303 3308 melior
1324 3227 1368 3334 ‚est
1388 3225 1485 3321 confit
1499 3214 1703 3344 'poffldrnrin
1748 3181 1753 3188 ·

319 3433 444 3604 AD
459 3431 588 3504 tertiam
599 3427 819 3506 ¹differentiam
832 3430 868 3502 in
880 3431 1041 3524 petitione
1057 3425 1244 3516 hrodinus
1253 3432 1398 3527 pertinet
1413 3427 1482 3503 lraee
1501 3425 1549 3512 R.
1562 3455 1639 3526 qua
1657 3431 1706 3513 est
1724 3431 1763 3502 de
1779 3427 1918 3526 P0ff‘dl·

435 3557 487 3614 re,
501 3531 600 3630 deque
609 3529 787 3636 poffeffionis
799 3529 957 3610 commodo
971 3557 979 3601 ε
995 3533 1047 3604 De
1059 3553 1132 3626 quo
1145 3523 1222 3602 sunt
1236 3532 1269 3602 in
1281 3555 1398 3631 genere
1411 3529 1452 3600 de
1464 3533 1631 3626 precipuo
1643 3534 1781 3626 inquam
1796 3525 1918 3628 poll'es-

319 3623 435 3702 sotum
448 3633 546 3720 jure,
569 3629 776 3703 beneficio&
790 3627 904 3704 farore
930 3633 1080 3726 quinque
1093 3627 1239 3702 alix-hoc
1254 3628 1352 3702 titulo
1368 3629 1445 3702 huic
1466 3629 1740 3711 concordantes:
1766 3653 1845 3725 puta
1870 3629 1920 3702 lert
2025 3669 2035 3682 ν
2129 3613 2133 3620 ’

315 3733 389 3832 plus
403 3727 561 3801 cautionis
576 3731 742 3825 ¹25.lexirr
757 3760 790 3802 eo
812 3759 867 3823 33.
878 3727 952 3832 sup.
982 3733 994 3818 (
1003 3753 1074 3824 quo
1090 3721 1152 3798 sese
1164 3729 1218 3802 bic
1236 3735 1431 3825 interpretes
1447 3727 1592 3808 referunt
1609 3737 1621 3822 )
1649 3729 1716 3800 din
1737 3731 1814 3832 pori
1835 3733 1915 3824 ηδ.

321 3827 357 3922 ip
369 3827 474 3930 print.
491 3831 513 3900 l.
526 3857 600 3902 cum
607 3855 670 3934 par
688 3857 766 3922 ¹54·
782 3835 805 3901 1.
821 3828 927 3900 minus
944 3828 985 3922 est
1001 3829 1087 3918 ¹²04·
1102 3825 1182 3922 infr.
1194 3830 1265 3906 int.
1322 3855 1438 3900 uarum
1461 3831 1615 3904 omnium
1636 3823 1788 3924 synop'fin
1821 3828 1919 3901 habea

256 4011 262 4022 ι
322 3927 356 3996 in
371 3928 404 3996 d.
416 3930 439 3996 l.
458 3954 476 3998 r
482 3953 515 4020 5.
542 3928 800 4028 Equibusdidla
815 3927 863 4000 lex
883 3957 939 4022 33.
953 3930 1075 4024 pariter
1094 3949 1130 3996 ut
1154 3927 1223 3999 haec
1245 3853 1479 4024 estipecialitet
1500 3927 1547 3999 de
1563 3930 1760 4016 Loctto,
1785 3927 1827 4000 de
1847 3955 1919 4024 quo

323 4025 408 4096 inter
423 4030 599 4120 petitorem
614 4035 650 4098 δι
660 4023 870 4126 poll'essorem
885 4025 1122 4108 contenditur.
1150 4031 1190 4098 Et
1212 4052 1292 4101 tero
1304 4051 1447 4124 ,utraque
1466 4025 1643 4109 definitur,
1668 4030 1705 4100 in
1729 4027 1824 4102 lucro
1849 4055 1920 4102 me-

323 4121 442 4196 liorem
454 4121 515 4198 effe
527 4123 655 4201 causam
671 4125 881 4224 poffidentis,
906 4125 1101 4199 deteriorem
1116 4151 1197 4198 vero
1212 4129 1387 4224 petitoris.

376 4225 478 4295 Nunc
507 4224 549 4298 de
569 4223 674 4324 speeie
704 4225 801 4317 hujus
825 4233 911 4328 Reg.
932 4227 1130 4312 videamus,
1169 4253 1243 4324 quae
1267 4251 1307 4304 ut
1329 4234 1397 4320 jam
1421 4228 1637 4312 indicavimus
1668 4228 1709 4300 ad
1735 4228 1929 4317 hereditatis*

325 4321 521 4415 petitionem
534 4331 702 4420 pertinet:
727 4323 784 4426 uiri
796 4322 869 4400 sane
882 4326 986 4400 multa
1000 4331 1151 4401 LUCRI
1174 4331 1302 4400 mentio
1318 4325 1379 4412 fit,
1404 4351 1518 4401 utrum
1545 4335 1580 4400 δι
1595 4329 1727 4424 qualea
1749 4324 1921 4424 pollillote

326 4418 448 4510 restitui
460 4419 597 4495 debeat:
622 4453 640 4496 a
663 4422 855 4520 pollillore,
881 4431 1019 4524 inquam
1037 4472 1048 4501 2
1069 4425 1168 4499 bona
1184 4425 1256 4499 fidei
1274 4456 1282 4502 :
1297 4427 1330 4499 id
1344 4431 1433 4500 enim
1453 4455 1511 4524 per
1526 4429 1722 4533 poffidenrem
1746 4427 1799 4501 hic
1823 4453 1919 4498 exau-

327 4515 484 4588 diendum
496 4523 541 4591 est
556 4555 576 4595 :·
593 4528 642 4594 uti
655 4549 773 4596 contra
783 4527 874 4598 mala
887 4524 961 4600 fidei
976 4521 1131 4620 poss'essbr
1142 4529 1243 4631 prodo
1261 4531 1395 4625 proprie
1406 4527 1542 4614 dicitur,
1569 4528 1697 4626 dequo
1711 4527 1806 4600 initio
1823 4529 1921 4616 hujus

221 4679 231 4692 .
281 4662 283 4670 ·
321 4619 348 4688 Ι.
368 4621 397 4690 Α
414 4641 486 4711 quo
499 4614 572 4692 sane
586 4645 687 4694 omne
700 4625 963 4696 emolumenturn
983 4631 1019 4696 &
1040 4623 1170 4699 lucntm
1191 4649 1430 4724 extorquetur.
1458 4631 1594 4700 Atenim
1611 4625 1671 4699 alia
1687 4631 1770 4702 tatio
1787 4628 1832 4698 est
1857 4622 1922 4696 bo·
2002 4657 2004 4662 ·

214 4781 218 4786 .
327 4739 379 4786 nae
392 4714 466 4788 fidei
479 4717 659 4814 pollell'otir
676 4751 683 4794 :
698 4747 773 4794 nam
790 4724 882 4820 quod
895 4725 937 4795 ad
950 4751 1026 4796 eum
1046 4729 1161 4798 attinet
1177 4775 1185 4805 ,
1199 4728 1443 4825 distinguuntur
1457 4753 1505 4806 ea,
1521 4753 1594 4822 quae
1608 4722 1759 4824 pollillor
1775 4723 1870 4798 lnbet
1885 4751 1922 4798 ert

312 4814 503 4894 ⁸hereditate·
517 4821 568 4894 vel
584 4823 968 4952 propterlqereditatetn,
992 4824 1125 4901 alucto'
1140 4825 1342 4901 adventitio.
1368 4823 1427 4902 Illa
1442 4831 1540 4902 etiarn
1559 4825 1653 4902 bonae
1682 4823 1755 4904 fidei
1764 4820 1922 4926 pollello'r
1954 4898 1959 4906 .

312 4952 342 4972 ν·
1114 4931 1150 5000 O
1178 4943 1216 5000 r'
1404 4973 1415 4986 ·
1867 4951 1922 5000 te.
