4692 5960
396 667 458 736 oe
481 653 1541 742 EXCEPT10N13U8,xl.COLL.EDICT.REGG'.1>ARS
1563 662 1676 734 xvn.
1797 671 1865 756 »89
1935 615 1943 627 ⁸

268 783 326 838 tot
348 765 512 845 testatori,
540 757 563 830 sr
589 763 712 831 viveret
735 751 872 840 obesset,
899 755 1012 827 eadem
1028 763 1062 825 &
1082 754 1111 826 le
1136 759 1238 828 erario
1255 755 1344 828 obest
1364 757 1428 830 hoe
1445 763 1474 836 §.
1493 785 1524 830 2.
1544 759 1730 856 &quidem
1753 762 1868 836 eodem

270 863 518 956 dolivexeeptio,
543 863 565 930 1.
584 868 618 931 6.
638 868 683 932 D.
695 857 735 928 de
750 879 868 958 except.
886 856 974 925 unde
989 783 1377 948 speciesffiuederivanda
1390 857 1453 928 est.
1480 859 1532 928 Est
1544 861 1632 930 enim
1653 860 1720 932 hee
1749 861 1797 933 lex
1810 862 1866 936 de·

270 957 400 1056 sumpta
412 986 449 1031 ex
465 958 553 1030 tauri
571 957 656 1032 libro
671 977 713 1044 71
732 957 791 1050 qui
806 951 988 1026 concordet
1001 953 1086 1024 libro
1102 963 1162 1042 76.
1189 953 1339 1049 Ulpiani.
1367 954 1527 1028 Addendo
1553 963 1588 1028 &
1609 963 1661 1029 lex
1679 965 1711 1034 8.
1727 964 1756 1038 5.
1773 986 1802 1034 1.
1819 971 1867 1036 D.

271 1061 308 1132 dr
322 1057 473 1131 dolintali
483 1081 602 1159 except.
620 1054 780 1150 Idemque
793 1051 921 1126 obturet
937 1059 972 1123 &
987 1056 1030 1125 in.
1040 1054 1230 1148 exceptione
1255 1057 1301 1125 rei
1314 1053 1489 1146 judicate,
1515 1058 1538 1124 l.
1560 1059 1614 1128 28.
1631 1067 1675 1131 D.
1685 1060 1723 1130 de
1741 1085 1862 1164 except.

268 1159 321 1232 rei
323 1157 433 1250 judic.
462 1151 652 1229 Absutdum
667 1148 784 1224 scilicet
798 1149 906 1231 foret,
928 1149 1169 1256 plurishaberi,
1194 1149 1228 1223 id
1243 1153 1287 1224 est
1302 1157 1432 1246 potiore
1446 1152 1524 1224 loco
1538 1153 1615 1226 duci
1642 1159 1704 1244 (est
1719 1181 1868 1252 quomo-

271 1257 426 1348 inhujus
439 1254 465 1326 l.
474 1255 571 1326 restio
586 1251 712 1325 restim?
721 1275 860 1347 quoque
872 1251 999 1345 potest)
1014 1247 1065 1320 vel
1076 1251 1241 1351 plusjnris
1254 1250 1563 1351 haberehgatarium
1577 1277 1698 1352 ‚quam
1714 1257 1866 1330 heredem

269 1379 329 1428 eut
343 1356 548 1426 testatorem:
565 1357 604 1427 Et
619 1377 657 1422 ut
671 1350 763 1422 heres
775 1345 930 1421 universae
946 1351 991 1420 rei
1005 1341 1308 1443 succefforutraque
1321 1354 1439 1446 pariter
1453 1353 1642 1446 exceptione
1655 1347 1870 1428 submovetur

275 1479 353 1528 eum
366 1451 547 1534 defuneto,
573 1456 617 1522 ita
632 1447 851 1548 &legatarius
867 1503 877 1532 ,
902 1443 993 1544 quast
1008 1449 1108 1520 unius
1123 1453 1167 1522 rei
1186 1441 1367 1527 successor,
1394 1472 1430 1520 ut
1443 1448 1563 1520 dicitur
1576 1451 1608 1522 d.
1622 1457 1646 1524 1.
1666 1461 1700 1524 6.
1727 1451 1871 1550 denique

276 1557 380 1648 qui'in
400 1552 588 1623 dominium
601 1549 730 1648 alteriup
744 1541 885 1620 succedit
900 1568 957 1617 aut
973 1551 1023 1638 jus
1038 1593 1046 1626 ‚
1069 1553 1137 1642 ejus
1149 1555 1220 1638 jute
1234 1549 1283 1620 uti
1294 1547 1423 1620 debetl.
1442 1555 1520 1636 176.
1533 1548 1641 1642 infra.
1668 1555 1789 1649 Neque
1803 1579 1871 1626 me-

274 1651 365 1725 liotis
380 1649 581 1723 conditionis
601 1643 662 1720 effe
674 1644 778 1718 debeo
793 1701 809 1730 ,,
831 1669 934 1742 epeam
951 1649 1211 1732 nuuoemeus,
1236 1671 1338 1742 emto
1355 1652 1405 1740 jus
1422 1649 1456 1718 in
1472 1645 1689 1736 metransrit,
1713 1657 1737 1722 1.
1759 1657 1870 1746 175.§.

281 1777 313 1822 r.
325 1749 414 1844 infra
428 1751 457 1822 h.
471 1773 498 1821 t.
525 1755 575 1820 De
588 1745 713 1820 heredis
727 1742 875 1843 alioquin
889 1771 966 1816 cum
981 1741 1140 1816 defuneto
1156 1749 1377 1841 exaequatione
1391 1771 1464 1842 quae
1475 1751 1509 1815 &
1523 1745 1575 1828 hie
1589 1752 1735 1846 tangitur
1749 1745 1879 1845 septem

274 1871 427 1946 preterea
444 1843 519 1920 sunt
531 1848 597 1919 hoe
610 1845 708 1918 titulo
801 1843 882 1930 ulae,
908 1866 987 1940 pum
998 1843 1047 1915 lex
1062 1870 1120 1936 54.
1133 1871 1192 1938 59.
1207 1853 1266 1916 62.
1286 1845 1415 1940 (quose
1426 1847 1580 1934 Cujacius
1593 1847 1646 1918 hic
1665 1845 1773 1940 refert)
1790 1875 1878 1922 κιο.

282 1951 361 2020 128.
377 1950 407 2025 §.
427 1973 457 2020 r.
477 1975 556 2040 ¹43·
575 1954 654 2038 ¹15⁶·
671 1948 698 2022 §.
715 1971 745 2015 2.
775 1969 878 2048 upra.
905 1948 983 2014 Huc
998 1941 1140 2040 denique
1159 1939 1303 2040 spefflnt
1318 1943 1396 2027 illa,
1424 1936 1586 2017 Resoluto
1597 1951 1667 2038 jure
1684 1947 1840 2020 Austoris
1854 1996 1877 2030 ,.

277 2051 376 2121 etiem
390 2052 439 2139 jus
453 2047 612 2118 flabonis
623 2069 693 2117 rem
706 2037 821 2116 resolvi
834 2096 853 2130 „
872 2067 1010 2138 remque
1024 2067 1160 2114 omnem
1173 2039 1308 2140 transrte
1323 2069 1406 2116 cum
1416 2036 1470 2114 sue
1482 2039 1632 2116 ceusu&
1639 2071 1765 2120 onere..

326 2144 441 2245 Vulgo
460 2148 613 2216 romenei
633 2140 728 2238 quod
751 2141 812 2212 hec
832 2139 960 2242 Regula
975 2139 1096 2211 dicitur
1114 2193 1134 2224 ,.
1149 2140 1339 2240 legatarium
1354 2139 1450 2214 fundi
1465 2139 1537 2238 plus
1564 2145 1731 2235 jurienon
1754 2143 1872 2220 habete

277 2269 379 2339 quem
396 2243 548 2316 heredem
560 2265 617 2314 eut
630 2237 1086 2338 ipsumdefuuffltmopponi
1100 2233 1179 2311 soler
1191 2245 1244 2313 ux
1258 2267 1301 2314 an
1318 2241 1439 2314 uitium
1460 2265 1492 2333 ς.
1518 2241 1589 2315 Ubi
1603 2242 1773 2342 legatarius
1792 2239 1871 2316 usu·
1963 2327 1969 2340 Ι

257 2341 391 2438 'capere
403 2337 491 2436 poffe
503 2343 623 2413 dicitur
642 2339 736 2436 quod
754 2341 870 2410 aanor
894 2335 991 2434 ipfius
1013 2338 1063 2410 vel
1088 2338 1180 2410 heres
1210 2333 1383 2436 ufircapete
1401 2367 1470 2412 non
1486 2363 1686 2434 potuerunt.
1713 2341 1874 2438 Idemque

275 2443 309 2512 in
323 2465 475 2534 emptore
489 2441 625 2533 jurieest
643 2494 653 2524 ,
677 2443 701 2512 1.
715 2440 795 2526 Μ.
813 2445 846 2510 6.
879 2462 1063 2539 retemptare.
1074 2465 1085 2510 t
1096 2444 1224 2509 Verum
1241 2433 1508 2533 respondendum
1519 2439 1588 2523 est,
1615 2437 1649 2510 id
1662 2463 1779 2514 vetum
1792 2439 1873 2526 effe,
2002 2457 2007 2464 '

276 2539 332 2610 ubi
346 2541 463 2609 vitium
481 2566 549 2609 non
569 2538 614 2609 est
627 2541 661 2608 in
676 2563 728 2608 re:
755 2560 833 2608 nam
850 2463 878 2605 5
887 2539 1004 2605 vitium
1021 2534 1107 2605 stein
1124 2560 1158 2605 re
1169 2585 1179 2615 ,
1190 2535 1362 2632 legatarius
1377 2529 1549 2631 usucapere
1565 2563 1635 2610 non
1652 2541 1754 2640 magis
1768 2565 1878 2635 quam

275 2639 391 2710 austot
407 2632 650 2708 sendefunuus
664 2634 787 2732 potest:
814 2631 1001 2706 ssvidelicet
1016 2659 1065 2704 res
1096 2629 1133 2706 fit
1158 2631 1302 2717 furtiva,
1327 2633 1376 2706 vel
1403 2633 1576 2706 defunctus
1604 2629 1705 2708 sciens
1725 2643 1875 2734 precatio

275 2731 410 2830 poss'edit
419 2788 439 2825 ,‚
457 2739 481 2810 l.
496 2765 531 2828 41.
547 2739 576 2813 5.
587 2835 588 2838 ¹
598 2761 609 2808 1
619 2761 654 2830 5.
669 2745 716 2810 D.
732 2735 772 2810 de
785 2733 914 2852 ustttap.
933 2745 972 2818 φ
986 2737 1009 2806 Ι.
1025 2760 1099 2809 cum
1111 2731 1195 2808 heres
1216 2743 1271 2806 11⁴
1288 2743 1333 2810 D.
1350 2735 1389 2806 de
1403 2733 1625 2837 divtrsstemp.
1637 2735 1754 2837 prefer.
