4632 5916
1607 243 1621 270 e

1618 278 1634 316 tl

508 495 712 620 n0*'
812 479 1732 610 ‘Jnconrcornorreor

510 645 545 716 in
554 639 661 745 princ.
679 643 724 710 D.
751 633 788 706 de
799 629 863 704 doli
874 655 994 734 except.
1009 633 1054 702 ita
1075 626 1236 724 quidem,
1264 651 1301 699 ut
1327 629 1387 700 hac
1402 615 1573 703 oc'casrone
1592 631 1632 702 de
1645 630 1723 703 Doli
1738 630 1928 726 exceptione
1949 632 2107 729 prolixius

511 769 552 813 eo
566 740 651 811 libro
668 789 676 814 .
704 733 792 806 unde
806 733 873 804 lraec
892 737 979 831 Reg.
996 723 1166 822 desumpta
1180 725 1224 798 est
1240 781 1249 810 ,
1276 726 1394 799 Paulus
1408 731 1510 828 egerit
1520 757 1533 828 ¹r
1559 753 1596 800 ut
1607 729 1704 802 docet
1719 757 1859 827 quoque
1870 733 1903 802 d.
1918 737 1970 804 lex
1986 737 2017 806 8.
2032 759 2107 829 quae

508 845 544 912 in
561 839 641 910 duos
655 833 826 908 sententias
841 856 1011 926 perperam
1024 828 1179 898 haetenus
1192 825 1372 900 divellitur.
1403 828 1565 900 Posterior
1578 831 1669 900 enirn
1679 833 1866 900 enunciatio
1878 827 1922 902 ibi
1935 835 2039 926 priori
2052 829 2108 906 seu

511 937 589 1010 huic
604 941 690 1038 Reg.
716 929 881 1006 firmandae
898 951 1028 1001 tontum
1044 925 1152 997 addita
1166 925 1234 996 est.
1262 931 1301 998 Et
1320 925 1386 998 hec
1409 925 1545 1022 quidem
1557 931 1603 999 ita
1621 933 1694 1020 jure
1705 930 1846 1023 antiquo
1864 928 2106 1004 obtinuerunt:
2196 992 2197 998 ,

511 1043 559 1110 Ar
574 1039 662 1110 onim
676 1041 694 1112 J
698 1034 858 1106 ustiniano
874 1032 934 1124 qui
947 1029 1080 1100 uxorius
1095 1023 1157 1095 suit
1172 1021 1427 1122 mulieribusque
1440 1023 1547 1098 favisse
1564 1025 1732 1111 creditur,
1759 1026 1857 1122 paulo
1868 1028 1960 1101 aliter
1973 1028 2106 1115 visum,

508 1139 542 1210 e.
557 1141 578 1208 l.
593 1165 648 1208 nn.
665 1139 693 1212 l.
709 1156 812 1204 taceat
829 1189 837 1202 .
862 1133 945 1201 Non
960 1150 997 1198 ut
1009 1147 1122 1197 cetera
1140 1125 1362 1194 retentionum
1377 1150 1495 1223 genera
1513 1127 1541 1196 is
1553 1123 1695 1197 abolevit
1713 1179 1722 1209 ,
1747 1128 1792 1196 ita
1812 1153 1873 1200 nec
1887 1125 2106 1224 olnimpensas

514 1240 548 1309 in
569 1261 617 1308 res
635 1233 722 1305 dotis
738 1233 837 1304 fodias
853 1229 993 1300 retentio
1006 1228 1036 1295 ei
1051 1221 1267 1318 undiquaque
1284 1217 1357 1294 satis
1379 1223 1498 1294 idonea
1508 1219 1574 1294 visa
1588 1225 1633 1296 est
1649 1256 1660 1295 :
1688 1222 1745 1296 Ob
1755 1223 1937 1298 neceslitias
1952 1228 2108 1324 equidem

514 1336 707 1406 retentionis
727 1337 777 1424 jus
794 1328 951 1423 reliquit,
978 1320 1073 1420 quod
1088 1333 1127 1404 dr
1148 1326 1177 1400 §.
1192 1319 1279 1392 idem
1297 1349 1352 1416 37.
1372 1322 1447 1415 Inss.
1469 1321 1506 1393 de
1521 1324 1634 1395 atrion.
1652 1323 1854 1396 ostenditur:
1878 1329 2006 1398 ratione
2022 1353 2104 1396 vero

516 1433 648 1505 utilium
662 1431 750 1502 haud
768 1435 866 1500 item:
893 1421 946 1496 sed
962 1423 1012 1493 vel
1024 1423 1187 1494 ostionem
1204 1419 1349 1492 mandati
1364 1467 1374 1502 ‚
1399 1419 1607 1494 fivoluntote
1622 1421 1764 1494 mulieris
1778 1421 1869 1494 frete
1885 1423 1946 1496 sint
1959 1473 1969 1504 ,
1983 1425 2034 1496 vel
2049 1453 2107 1495 ne-

514 1536 686 1634 gotiorum
702 1530 867 1626 gestorum
882 1526 1047 1596 astionem
1062 1525 1182 1594 marito
1197 1517 1338 1592 tribuere
1352 1519 1489 1606 moluit,
1516 1549 1558 1593 ne
1572 1524 1766 1594 restitutioni
1778 1523 1866 1594 dotis
1879 1550 1975 1595 more
1990 1521 2078 1600 fieret
2095 1577 2107 1606 ,

515 1657 620 1727 quem
637 1625 827 1699 mulieribus
842 1620 960 1716 salvam
976 1644 1121 1694 maneret
1137 1620 1291 1716 Reipubl.
1306 1620 1456 1706 interest,
1480 1625 1504 1692 l.
1525 1647 1554 1692 1.
1572 1631 1619 1694 D.
1635 1623 1750 1712 dejnr.
1763 1623 1827 1694 dot.
1842 1621 1942 1710 Possit
1957 1631 1992 1694 &
2009 1623 2106 1714 hujus

515 1734 602 1830 Reg.
620 1724 760 1823 species,
788 1723 883 1822 quod
896 1723 963 1794 aliis
976 1721 1081 1816 placet
1094 1721 1206 1804 reete,
1231 1722 1314 1814 poni
1329 1723 1362 1791 in
1373 1720 1423 1822 sp.
1441 1721 1516 1822 legit
1531 1725 1605 1812 Seja
1619 1722 1741 1814 fundos
1762 1748 1819 1813 23·
1844 1732 1890 1795 D.
1907 1723 1945 1792 dt
1962 1721 2107 1793 ovillion.

518 1853 591 1922 quoe
618 1833 653 1896 δι
674 1820 740 1920 ipsa
764 1819 908 1896 versatur
930 1826 973 1893 in
989 1821 1054 1892 stoc
1073 1813 1145 1913 ipso
1170 1843 1367 1918 argumento
1380 1821 1517 1892 aelionis
1538 1823 1583 1892 rei
1602 1825 1721 1892 uxoriae
1741 1815 1849 1893 soluto
1870 1823 2108 1892 matrimonio.

518 1923 672 2014 Quod&
689 1919 801 2020 ipsum·
816 1942 1049 2022 argumentum
1066 1917 1214 2014 alioquin
1230 1920 1422 1990 trodoverat
1437 1917 1554 1990 Paulus
1569 1945 1610 1990 eo
1631 1917 1686 1991 lib.
1703 1947 1738 2008 7.
1762 1919 1893 2030 respons
1910 1918 1998 1992 unde
2010 1945 2046 1990 ea
2060 1918 2109 1991 lert

512 2019 687 2119 desumpta
701 2024 745 2095 est
761 2079 769 2096 .
797 2027 837 2096 Et
849 2019 994 2094 notanda
1010 2022 1043 2090 in
1058 2043 1093 2088 ea
1108 2017 1130 2088 l.
1147 2017 1223 2101 illa,
1250 2015 1427 2120 exceptione
1446 2017 1511 2089 doli
1524 2019 1602 2090 mali
1611 2019 1807 2108 summovere
1819 2019 1894 2122 poffe
1912 2073 1921 2092 .
1948 2028 2109 2106 Quomo-

513 2123 560 2195 do
577 2113 680 2196 &nic
691 2121 812 2196 dicitur
830 2123 896 2194 dolo
901 2119 991 2214 facit
1007 2173 1020 2203 ,
1042 2115 1102 2215 qni
1115 2170 1126 2200 ‚
1153 2123 1220 2187 &e
1233 2117 1350 2188 Similis
1366 2121 1464 2188 etiam
1477 2121 1646 2202 occurrit,
1661 2112 1759 2190 sedin
1773 2117 1838 2190 alio
1850 2141 2048 2218 argumento
2061 2114 2107 2212 sp.

514 2227 537 2294 1.
554 2250 629 2293 cum
644 2212 778 2298 a'rnetre
798 2249 853 2314 14.
874 2222 948 2292 Cod.
963 2221 1001 2288 cle
1022 2215 1070 2290 rei
1086 2215 1244 2288 vindicat.
1274 2214 1328 2287 ubi
1343 2220 1462 2310 pariter
1476 2215 1530 2288 illa
1546 2240 1748 2288 occurrunt:
1766 2217 1830 2290 doli
1843 2217 1920 2290 mali
1933 2215 2111 2319 exceptione

515 2321 569 2392 uti
582 2349 642 2392 non
654 2321 848 2423 prohiberis.
877 2325 986 2404 Huius
1002 2318 1133 2388 interim
1150 2321 1235 2413 Reg.
1252 2319 1386 2411 equitas
1399 2339 1478 2386 curn
1491 2320 1693 2411 ceteroquin
1709 2309 1893 2412 spessetur,
1920 2309 2112 2410 compensa·

512 2422 613 2492 tionis
635 2422 823 2516 aequitotem
838 2414 960 2488 sanein
987 2413 1055 2484 asiis
1071 2412 1172 2483 causis
1186 2413 1313 2484 induxit
1330 2447 1341 2484 .·
1367 2417 1445 2507 quia
1468 2416 1598 2485 interest
1620 2416 1727 2486 nostra
1749 2421 1860 2510 potius
1877 2443 1946 2486 non
1963 2409 2110 2492 solvere,

514 2543 617 2614 quarn
634 2511 778 2589 solutum
793 2539 947 2614 repetere,
962 2517 984 2584 t.
1000 2541 1031 2604 3.
1048 2521 1093 2584 D.
1110 2513 1147 2581 tle
1161 2511 1347 2614 compenfitt.
1361 2521 1472 2612 Quare
1487 2520 1521 2582 δι
1535 2513 1792 2614 compenfiert'onis
1805 2539 1925 2588 vocem
1936 2517 1970 2586 in
1986 2539 2020 2586 re
2032 2539 2113 2586 uxo·

519 2619 567 2686 rio
583 2613 807 2688 Tribonianus
820 2611 1000 2688 retentionis
1016 2610 1093 2682 loco
1108 2609 1230 2705 ubique
1243 2603 1450 2680 substitutum
1463 2613 1522 2682 ivit
1535 2616 1557 2682 l.
1571 2639 1605 2698 7.
1620 2616 1651 2688 §.
1668 2639 1702 2704 5.
1721 2617 1743 2684 l.
1763 2642 1775 2684 r
1784 2641 1818 2707 5.
1834 2619 1863 2693 §.
1881 2641 1911 2684 r.
1923 2618 1945 2686 1.
1963 2640 2021 2702 24.
2037 2617 2067 2692 §.
2079 2621 2114 2684 6.

516 2719 540 2785 l.
554 2739 629 2818 pen.
646 2719 675 2792 s.
702 2742 732 2786 t.
749 2724 796 2788 D.
807 2713 865 2806 fol.
880 2709 1024 2784 matrim.
1044 2713 1066 2779 l.
1081 2712 1114 2780 8.
1136 2717 1181 2782 D.
1195 2707 1374 2811 deimpenfi
1388 2707 1423 2780 in
1438 2735 1485 2779 rer
1498 2709 1595 2781 dotas.
1620 2716 1642 2782 l.
1657 2738 1691 2803 5.
1711 2719 1758 2785 D.
1770 2716 1808 2785 de
1822 2716 1892 2784 dote
1899 2718 2015 2816 proleg.
2039 2716 2062 2784 l.
2080 2719 2113 2782 6.

523 2813 601 2886 Cod.
614 2815 651 2884 de
662 2816 814 2916 compens
837 2818 860 2885 l.
878 2839 908 2891 r.
936 2811 1011 2883 Cod.
1026 2835 1088 2879 rer.
1104 2831 1238 2878 amotae.
1264 2831 1367 2902 quam
1388 2828 1481 2878 caute
1505 2807 1581 2878 alias
1595 2807 1773 2882 viderimus
1791 2839 1799 2883 :
1824 2809 2009 2908 promiscue
2027 2812 2115 2883 enim

515 2911 585 2984 lraee
600 2939 618 2983 a
633 2919 653 2990 J
657 2908 877 2984 urisconsultis
888 2905 1035 3004 usurpari
1048 2905 1100 2980 vel
1116 2932 1157 2978 eo
1173 2905 1321 2991 conslot,
1343 2904 1437 3002 quod
1451 2907 1511 3002 qui
1522 2903 1713 3002 compenset
1723 2909 1843 2984 dicitur
1858 2915 1907 2982 uti
1921 2915 2115 2989 retentione,

520 3015 542 3082 l.
558 3041 591 3100 4.
609 3021 655 3084 D.
671 3013 709 3084 de
723 3011 907 3116 compenfitr.
925 3005 1153 3080 Vide‘interirn
1165 3003 1332 3078 Gentilem·
1349 3006 1387 3075 de
1399 3007 1506 3078 donat.
1521 3005 1582 3078 int.
1599 3004 1665 3079 vir.
1682 3021 1720 3091 ὠ
1735 3037 1827 3082 uxor.
1851 3009 1906 3082 lib.
1924 3037 1954 3083 r.
1969 3035 2039 3112 cap.
2058 3035 2113 3104 37.

568 3111 620 3182 Est
632 3135 743 3184 autern
772 3119 783 3200 l
800 3133 836 3182 ut
848 3105 1087 3204 objedtionibue
1100 3133 1190 3178 nunc
1205 3113 1401 3196 occurram)
1430 3105 1497 3176 haec
1509 3109 1593 3205 Reg.
1614 3110 1716 3195 (Dolo
1729 3103 1963 3202 stilicetfeccre
1978 3137 2050 3180 enm
2060 3107 2117 3206 qnt'

513 3208 598 3310 petit
610 3211 694 3308 qnod
707 3211 891 3282 redditurus
904 3208 970 3302 est)
999 3209 1044 3278 ita
1056 3207 1204 3300 primum
1223 3203 1429 3300 accipienda,
1457 3202 1479 3276 sr
1498 3205 1598 3276 eidem
1614 3232 1632 3276 a
1647 3231 1717 3302 quo
1735 3209 1815 3302 petit
1836 3207 1969 3280 reddere
1982 3205 2117 3280 debeat:

516 3331 627 3403 neque
643 3311 732 3380 enim
749 3307 830 3380 dolo
844 3307 921 3378 facit
937 3356 946 3388 ,
971 3307 1030 3400 qui
1045 3305 1126 3398 petit
1139 3302 1233 3398 quod
1247 3303 1300 3376 alii
1317 3305 1519 3376 restituturus
1535 3305 1602 3385 est,
1630 3330 1667 3376 ut
1680 3311 1714 3378 in
1721 3307 1770 3410 sp.
1784 3305 1858 3407 legis
1873 3313 1905 3402 fi
1913 3308 2002 3399 ftccr
2014 3335 2073 3397 44.
2087 3310 2117 3385 §.

526 3429 557 3474 r.
577 3414 622 3476 D.
632 3407 691 3494 sol.
709 3407 849 3478 marrim.
866 3403 1018 3476 Secundo
1032 3400 1160 3473 obtinet
1177 3399 1199 3471 fi
1213 3399 1317 3473 eidem
1331 3407 1365 3474 in
1379 3406 1576 3484 continenti,
1584 3405 1696 3498 statim
1712 3405 1897 3477 redditurus
1912 3407 1956 3476 ess
1971 3440 1981 3477 .·
1998 3409 2120 3502 Neque

518 3504 606 3570 enirn
620 3499 701 3574 dolo
720 3503 797 3576 sacit
814 3509 874 3600 qui
892 3507 973 3600 petit
986 3499 1080 3596 quod
1095 3527 1132 3570 ex
1145 3501 1316 3572 intervallo
1332 3523 1460 3572 tanturn
1474 3503 1581 3574 eidem
1596 3503 1782 3576 redditurus
1798 3505 1842 3576 est
1863 3509 1946 3578 sule.
1964 3509 2122 3584 §.1.D.ut

522 3604 642 3698 legator
659 3655 667 3672 .
694 3603 814 3672 Tettio
827 3625 898 3672 tum
912 3602 1047 3673 dentum
1065 3599 1132 3674 ltaeo
1147 3604 1231 3697 Reg.
1248 3599 1375 3672 obtinet
1391 3599 1554 3672 strondent
1568 3630 1634 3674 rem
1646 3607 1720 3698 quis
1736 3603 1840 3674 eidem
1855 3603 2042 3682 redditurus
2057 3602 2120 3675 srt:

520 3702 643 3794 Neque
658 3701 747 3772 eninr
761 3699 842 3772 dolo
858 3694 1223 3794 facitquiinterversam
1240 3696 1298 3770 sibi
1314 3703 1357 3770 rei
1375 3697 1600 3796 posseffionem
1615 3705 1751 3798 repetit,
1775 3708 1868 3796 eujus
1883 3706 2122 3798 proprietatem

518 3797 622 3870 eidem
637 3798 821 3872 redditurus
834 3799 890 3882 est,
904 3819 941 3868 ut
959 3793 1094 3890 exempli
1109 3799 1211 3896 gratio
1228 3797 1262 3866 in
1279 3799 1459 3870 lnterdidlo
1472 3803 1556 3896 quod
1570 3801 1754 3900 legatorum
1770 3855 1780 3886 ‚
1807 3807 1867 3874 s.1.
1883 3806 1948 3880 §.n
1971 3812 2015 3874 D.
2031 3801 2128 3896 quod

517 3899 705 3990 Iegntorm,
717 3906 751 3970 &
771 3896 960 3999 generaliter
976 3897 1011 3966 in
1025 3893 1147 3987 judicio
1160 3891 1345 3990 possessorio
1360 3926 1368 3969 z
1375 3899 1621 4002 spodarntrnt'rn
1636 3925 1708 3972 ante
1725 3899 1830 3972 omnia
1845 3901 2046 3992 redirusndus
2058 3923 2128 3970 ve-

515 3997 567 4062 nit
585 4047 592 4063 .
622 3997 712 4064 Nom
726 4019 762 4064 ut
780 3997 941 4086 eleganter
956 3998 1000 4068 ait
1016 4001 1184 4074 loannes,
1214 3999 1226 4084 (
1241 3997 1335 4092 quod
1352 4005 1451 4070 eriam
1463 4002 1619 4092 Cujaeius
1635 3999 1686 4070 hic
1700 3999 1818 4092 refert)
1846 3999 1931 4070 aliud
1952 3999 2043 4070 lieres
2058 4024 2128 4094 pe-
2255 3993 2257 4001 ⁴

418 4155 422 4168 ,
519 4092 561 4158 tit
578 4094 614 4160 in
627 4091 806 4160 irrterdidlo
820 4073 899 4173 illo,
926 4117 1005 4183 pura
1020 4089 1246 4184 possessionem
1263 4149 1273 4178 ,
1300 4096 1387 4170 aliud
1403 4095 1534 4173 reddere
1546 4097 1665 4182 debet,
1677 4097 1710 4168 id
1724 4101 1768 4169 est
1779 4101 2032 4192 proprietatem,
2048 4105 2127 4172 dcc.

368 4195 376 4206 '
417 4265 421 4274 .
454 4263 458 4270 ⁴
521 4194 611 4258 &ut
625 4188 776 4282 loquitur
788 4182 912 4264 JCons.
933 4191 966 4256 in
984 4191 1017 4258 d.
1031 4195 1142 4264 l.r.§.
1158 4219 1189 4261 2.
1211 4193 1345 4262 redistis
1359 4195 1400 4262 ad
1418 4193 1594 4279 heredem,
1622 4219 1681 4290 per
1699 4195 1908 4268 interdistum
1924 4199 1961 4268 iis
1980 4221 2056 4290 quae
2072 4195 2128 4268 le-

519 4309 677 4382 gestorum
698 4289 834 4358 nomine
854 4283 1081 4382 possidentur:
1108 4285 1242 4380 perinde
1259 4287 1402 4385 legatarii
1426 4317 1502 4362 eum
1525 4289 1658 4386 possunt
1677 4299 1879 4368 eonvenite.
1907 4301 1995 4394 Ergo
2014 4300 2051 4368 in
2061 4295 2131 4368 liae

519 4383 625 4482 specie
643 4413 712 4456 non
729 4383 814 4456 idern
835 4384 1018 4457 redditurus
1033 4385 1076 4456 esl
1093 4385 1208 4476 heres.
1236 4391 1276 4458 Et
1291 4385 1333 4459 sic
1344 4389 1493 4460 confecta
1516 4392 1560 4464 est
1571 4394 1732 4488 questio,
1760 4419 1873 4467 utrum
1885 4399 1918 4467 in
1936 4395 2131 4466 Interdittis

393 4537 398 4548 .
518 4479 729 4578 adipiscendae
743 4480 941 4578 possessionis
958 4485 1007 4556 vel
1021 4485 1246 4577 recuperande
1261 4485 1328 4558 hm
1344 4493 1429 4588 Reg.
1443 4487 1610 4566 obtineat.
1637 4498 1779 4566 Breviter
1796 4543 1806 4573 .
1823 4489 1860 4567 ut
1876 4495 1952 4566 huic
1967 4499 2050 4592 Reg.
2069 4493 2134 4564 lo-

464 4607 474 4648 .·
519 4609 577 4655 cus
600 4580 658 4660 fir,
685 4581 797 4654 endem
807 4589 919 4656 omnio
934 4583 985 4654 hic
1002 4579 1062 4654 elle
1078 4607 1236 4677 oportet,
1260 4586 1396 4660 eandem
1410 4585 1582 4683 personam
1597 4589 1705 4668 ,idem
1718 4615 1869 4688 ternpus,
1883 4593 2019 4676 eandem
2035 4617 2134 4665 rem.

479 4683 482 4689 '
518 4679 675 4752 rTondem
694 4677 774 4750 dolo
798 4679 897 4764 satit,
924 4685 982 4776 qui
999 4687 1079 4778 petit
1095 4681 1188 4778 quod
1204 4683 1387 4757 redditurus
1400 4689 1444 4758 est
1459 4735 1469 4767 ‚
1495 4687 1516 4760 sr
1538 4689 1642 4761 modo
1667 4685 1742 4764 scint
1755 4687 1886 4764 causam
1903 4713 2045 4769 cur-non
2059 4690 2140 4762 de-

524 4777 597 4850 beat
611 4801 719 4876 petere
737 4803 745 4852 ε
771 4776 857 4850 aliud
880 4779 900 4850 si
923 4783 1076 4880 ignoret,
1101 4787 1125 4855 l.
1142 4809 1221 4874 177·
1240 4789 1270 4862 §-
1287 4809 1317 4856 1.
1335 4784 1443 4881 ionia.
1469 4785 1562 4864 Idem
1580 4813 1689 4862 tamen
1706 4790 1805 4863 suerit
1826 4787 1851 4864 s
1873 4794 1969 4881 initio
1983 4795 2112 4892 ignem
2127 4846 2142 4877 ,

2027 4911 2149 4969 EQ!
