4724 5930
432 591 473 662 m
619 579 1665 664 .·'choutGoTHotReDt
1787 671 1792 680 ¹

424 694 447 760 l.
463 683 543 758 aliie
563 691 618 759 28.
631 685 668 757 de
681 670 774 785 iilig.
787 699 826 768 &v
840 687 902 756 all.
917 687 1117 780 proprieque
1139 683 1361 799 persecutionis
1393 685 1495 758 verbo
1510 687 1769 760 extraordinariae
1783 683 2029 786 persecutiones

424 789 638 858 continentur
655 837 663 864 ,
679 809 753 881 quae
768 781 971 874 non-habent
983 786 1063 875 juris
1077 783 1233 856 orunnii
1246 788 1470 858 executionem
1483 790 1506 858 l.
1544 787 1657 858 econio
1671 792 1750 876 178.
1765 793 1793 868 §.
1805 817 1837 862 a.
1854 798 1902 862 D.
1928 791 1965 860 de
1983 799 2026 864 V.

424 895 459 974 ις.
516 879 755 978 ncnnsmodi
771 905 838 956 etat
854 884 935 956 olim
948 881 1249 977 fideicomm'ffittim
1265 880 1448 980 persecutio
1463 880 1496 958 d.
1516 811 1545 964 s
1564 913 1595 958 ι.
1609 879 1906 990 &Ulpinfrtgm
1925 913 1950 960 r.
1967 913 2024 981 25.

428 1011 460 1058 2.
478 985 665 1075 Quomodo
680 992 713 1054 δι
730 983 879 1056 bonorum
890 979 1015 1086 poffifflo
1028 979 1201 1062 delinitur,
1226 990 1277 1078 jus
1292 979 1507 1082 persequendi
1523 983 1748 1084 retinendique
1770 991 1960 1082 patrimonii
1985 987 2026 1060 st·

333 1083 337 1090 ’
424 1109 465 1157 ve
479 1090 523 1158 tei
537 1108 610 1180 quae
625 1079 784 1180 cuiusque
796 1109 873 1154 curn
888 1091 1030 1154 moritur
1046 1081 1107 1154 fuit
1117 1131 1128 1168 ,
1153 1088 1176 1154 l.
1196 1105 1227 1177 3.
1243 1087 1271 1161 §.
1294 1111 1325 1156 2.
1337 1086 1376 1156 de
1389 1085 1458 1156 ben.
1472 1079 1581 1188 poffeffi
1598 1105 1672 1182 qua
1687 1085 1822 1182 quidem
1847 1081 1941 1160 causa
1963 1085 2024 1160 co-

423 1189 516 1284 gnita
538 1207 601 1280 pto
617 1181 769 1253 tribunali
786 1181 924 1254 dabatur
938 1185 970 1254 d.
985 1187 1008 1254 l.
1029 1209 1060 1274 3.
1077 1187 1106 1261 §.
1127 1204 1158 1256 2.
1213 1211 1243 1276 3.
1260 1184 1448 1272 Quomodo
1473 1191 1508 1256 &
1526 1184 1685 1289 separatio
1711 1189 1877 1280 impetrari
1904 1181 2026 1260 solebat

424 1283 558 1356 decreto
574 1280 723 1354 Praetotis
737 1288 760 1354 l.
782 1306 810 1356 t.
825 1281 861 1354 in
871 1306 922 1385 pr.
938 1283 1015 1372 dese
1035 1278 1206 1360 orationib.
1220 1277 1274 1354 seu
1290 1308 1332 1354 an
1347 1283 1548 1358 admittenda
1567 1279 1726 1380 separatio
1754 1277 1851 1364 esset,
1876 1289 2026 1369 Praetoris

426 1377 477 1453 vel
494 1375 635 1454 Prafidis
648 1385 742 1454 notio
757 1403 825 1454 erar
837 1433 846 1460 ‚
859 1380 979 1452 nullius
1013 1384 1150 1468 tetius,
1168 1378 1233 1456 boc
1249 1383 1314 1467 est,
1339 1388 1407 1474 ejus
1422 1380 1482 1478 qiri
1498 1377 1732 1479 separationem
1745 1382 1932 1456 indulturus
1943 1407 2025 1463 erat,

423 1479 456 1554 d.
474 1487 495 1554 l.
518 1509 548 1554 1.
564 1485 593 1562 ὃ.
609 1514 641 1574 4.
661 1487 701 1552 Er
716 1482 799 1554 hanc
813 1501 893 1552 vero
906 1505 1044 1578 quoque
1060 1475 1268 1576 separationis
1282 1479 1703 1586 petitionemperseetetiottis
1718 1481 1821 1555 verbo
1833 1485 2025 1578 interpretes

424 1580 577 1652 nonnulli
590 1584 676 1653 teste
690 1583 856 1676 accipiunt
870 1581 903 1652 iu
918 1587 941 1652 l.
958 1581 1124 1653 creditores
1147 1603 1201 1654 ro.
1217 1591 1265 1654 D.
1279 1583 1318 1652 de
1333 1590 1372 1654 V.
1391 1594 1424 1654 S.
1441 1585 1594 1678 Denique
1602 1575 1841 1677 persecutiones
1855 1575 1929 1670 sunt
1941 1584 2025 1668 ‚im-

423 1677 566 1775 ploratio
583 1675 684 1753 offirii
696 1683 864 1758 Pretorii,
891 1703 961 1750 non
975 1703 1032 1776 pet
1042 1679 1185 1752 rnodum
1199 1681 1337 1756 astionis
1350 1673 1404 1754 seu
1417 1685 1517 1775 petita
1530 1683 1659 1762 auriono
1674 1687 1710 1754 dt
1732 1703 1790 1776 per
1820 1679 2000 1754 formulam
2015 1725 2030 1763 n

420 1799 538 1852 verum
551 1782 743 1878 cognitione
757 1781 907 1852 Praroris
922 1785 957 1848 δε
970 1777 1011 1851 fic
1024 1806 1073 1851 res
1086 1779 1293 1881 cognitionis.
1344 1807 1381 1872 4.
1398 1785 1450 1854 Sic
1466 1787 1500 1852 dt
1515 1785 1612 1854 tutele
1624 1805 1763 1876 quoque
1774 1776 1877 1852 ferme
1901 1779 2027 1873 judicio

421 1882 472 1972 jur
490 1875 582 1954 suurn
599 1871 851 1974 persequebatur
868 1877 1033 1974 pupillus,
1061 1883 1202 1952 Praetore
1216 1874 1458 1993 cogposcente,
1480 1877 1716 1974 decretumque
1727 1883 1973 1976 interponente,
1987 1904 2027 1954 ac

420 1975 621 2050 nominatim
637 2001 714 2050 cum
727 1979 768 2047 ad
779 1975 1005 2050 venditionem
1017 1977 1187 2077 bonitatum
1203 2000 1323 2050 tutoris
1344 1980 1524 2051 deventum
1538 2001 1626 2057 erat,
1654 1983 1794 2050 Praetore
1817 1977 2029 2081 priuilegium

421 2077 596 2157 timente,
622 2071 859 2149 conservantor
885 2075 926 2148 de
968 2105 1036 2162 uo,
1063 2099 1099 2150 ut
1115 2077 1201 2156 dixi,
1226 2075 1421 2178 privilegio,
1447 2078 1657 2174 aliorumque
1681 2080 1894 2174 quorundam
1918 2078 2027 2150 credi-

421 2193 535 2246 totum
553 2176 727 2273 privilegiis
743 2175 859 2247 Paulus
875 2201 916 2246 eo
927 2103 1015 2248 libro
1034 2201 1088 2266 t3.
1115 2177 1365 2265 Quaestionumt
1392 2177 1480 2248 unde
1493 2175 1560 2248 haec
1574 2175 1624 2248 lex
1642 2180 1700 2266 87.
1715 2171 1886 2272 desumpta
1900 2175 1969 2260 est,
1991 2201 2027 2248 e·

446 2277 490 2344 it:
520 2278 570 2346 Ac
586 2276 785 2345 nominarim
800 2275 841 2344 de
857 2285 908 2346 Pte
928 2273 979 2347 itt·
990 2275 1181 2388 priuilegio,
1206 2277 1302 2371 quod
1315 2275 1450 2372 quidem
1462 2275 1669 2376 privilegium
1680 2269 1747 2370 ipse
1757 2273 2027 2372 pupillushabet,

420 2296 477 2445 sed
489 2377 560 2462 ejus
573 2367 765 2444 successores
778 2397 849 2444 non
921 2377 925 2384 '
949 2381 1020 2446 ntl.
1037 2374 1242 2474 dabimusque
1274 2397 1327 2464 19.
1343 2379 1372 2451 §-
1391 2395 1422 2447 t.
1438 2376 1474 2446 in
1481 2379 1542 2470 fier
1559 2385 1603 2448 D.
1619 2376 1656 2446 de
1667 2373 1852 2446 renonum
1857 2373 1936 2464 jod.
1951 2373 2027 2476 poffi

426 2477 503 2561 (vel
514 2475 552 2544 de
563 2467 746 2574 privilegiis
759 2471 975 2565 creditorum)
991 2479 1026 2544 et
1041 2496 1079 2545 ut
1093 2474 1206 2568 Papio.
1221 2467 1334 2545 definit
1351 2475 1375 2545 l.
1392 2473 1585 2576 expluribus
1600 2499 1661 2562 42.
1677 2482 1723 2546 D.
1735 2469 1773 2544 de
1783 2472 1960 2565 admittissr.
1971 2497 2027 2544 trt-

423 2595 484 2644 ttr.
513 2570 725 2670 privilegium
737 2570 852 2667 pupilli
868 2595 927 2644 nec
946 2571 1055 2644 heredi
1069 2572 1186 2670 pupilli
1196 2571 1308 2644 datur:
1334 2593 1405 2644 nott
1419 2576 1509 2644 enim
1521 2566 1621 2649 causa
1635 2567 1689 2644 sed
1705 2566 1849 2666 personat
1864 2567 2028 2645 succurri*

421 2687 497 2750 turn
523 2689 596 2766 quae
610 2671 730 2742 meruit
745 2674 946 2766 precipuum
962 2667 1110 2744 favorem
1126 2721 1134 2744 .
1161 2668 1257 2746 Adde
1270 2679 1305 2742 &
1320 2675 1342 2744 1.
1365 2691 1396 2744 t.
1409 2669 1438 2750 5.
1452 2667 1551 2752 iidem
1567 2667 1681 2748 Princt'
1701 2695 1730 2742 et
1739 2723 1751 2756 ,
1768 2678 1817 2746 D.
1831 2669 1875 2742 ed
1886 2672 1909 2742 l.
1929 2681 2027 2746 Corn.

418 2769 567 2864 defclstt.
595 2771 658 2842 Sed
674 2790 764 2844 nunc
779 2767 891 2869 finge,
915 2791 954 2844 ut
968 2767 1010 2842 ad
1023 2769 1221 2867 postten'lam
1234 2767 1313 2870 legis
1331 2775 1389 2861 87.
1406 2791 1533 2868 partem
1555 2693 1809 2851 descendamus,
1835 2767 2024 2866 pupillum,
2094 2776 2100 2787 “

419 2863 512 2942 litem
527 2869 769 2941 contestatum?
794 2873 876 2942 Sane
888 2865 998 2942 heredi
1014 2889 1152 2966 quoque
1162 2865 1282 2968 ¹pupilli
1296 2865 1512 2967 prospicietur
1526 2897 1563 2944 ex
1578 2871 1638 2944 hac
1651 2869 1674 2942 l.
1781 2879 1784 2890 '
1997 2899 2003 2912 ·

468 2975 508 3042 Et
523 2967 591 3041 hnc
603 2959 739 3138 quidem
754 2969 910 3042 haetenus
924 2965 966 3040 de
979 2972 1117 3050 Aetne,
1142 2976 1235 3062 cujus
1249 2964 1392 3042 deterior
1404 2971 1555 3046 conditio
1570 2993 1635 3140 pet
1660 2969 1724 3042 litis
1751 2962 2025 3042 contestationem
2127 2949 2134 2962 ’

417 3088 593 3164 nunquam
630 3089 668 3152 t,
693 3067 810 3140 melior
823 3066 1040 3165 plerumque:
1065 3063 1173 3166 deque
1186 3065 1304 3142 herede
1318 3073 1410 3161 ejus,
1438 3071 1492 3142 cui
1511 3068 1578 3140 stm'
1593 3073 1654 3140 iter
1669 3062 1924 3164 prospicitureE
1935 3091 2025 3138 con-

418 3163 515 3239 verso
526 3168 676 3263 aduersus
689 3163 830 3238 heredem
842 3193 901 3262 per
917 3159 982 3240 liris
992 3165 1264 3240 contestationem
1278 3169 1365 3240 astio
1383 3169 1587 3269 porrigitur,
1611 3161 1705 3265 isque
1719 3187 1873 3250 tenetur,
1896 3185 1934 3238 ut
1961 3161 2027 3238 fine

421 3265 444 3340 l.
461 3264 519 3358 87.
534 3266 680 3342 dicitur:
704 3257 833 3362 dequo
851 3261 1017 3362 specialius
1030 3260 1104 3339 adt.
1124 3275 1203 3357 164.
1214 3262 1323 3359 infre.
1356 3268 1359 3274 ’

869 3461 1016 3537 MORA
1039 3455 1167 3564 quante
1190 3453 1387 3536 admittetur
1400 3461 1455 3538 trel
1478 3485 1541 3538 nott
1564 3508 1575 3538 .
1717 3429 1719 3438 ,

699 3713 705 3747 1
743 3652 1450 3782 Lxxxvu1.scet01,ltunqntnt
1473 3655 1714 3772 Qustiottttttt.

683 3859 792 3940 tutu
819 3846 1013 3968 intelligitur·
1036 3879 1126 3936 tetre
1148 3853 1197 3938 ili
1211 3835 1312 3962 fieri,
1337 3853 1394 3936 teli
1416 3861 1546 3938 nolle*
1566 3853 1679 3968 petitio
1705 3851 1772 3956 est.

497 4093 578 4160 *ld
597 4093 636 4162 est
650 4093 770 4174 lurni,
791 4089 841 4159 ubi
862 4089 932 4180 juste
951 4089 1010 4182 peri
1032 4087 1077 4159 seu
1097 4089 1176 4182 exigi
1194 4107 1254 4156 noo
1274 4089 1382 4178 peren,
1404 4105 1473 4174 pure
1492 4085 1513 4155 l.
1537 4057 1584 4164 it»
1607 4095 1654 4163 ἐς.
1672 4009 1733 4172 soi.
1751 4025 1780 4151 ts
1793 4089 1836 4150 tr.

512 4273 781 4372 DQuastionem
796 4265 849 4354 seu
862 4273 1038 4351 tristatum
1052 4269 1093 4350 de
1106 4275 1210 4350 Mne
1233 4273 1374 4373 pertinet
1389 4265 1457 4346 hee
1473 4269 1559 4372 neg.
1574 4267 1695 4368 pariter
1719 4285 1758 4344 ut
1780 4263 1930 4367 quinque
1954 4259 2023 4339 etta

533 4375 601 4456 hoc
616 4387 669 4455 tit.
687 4375 936 4481 Regulaeepute
949 4385 972 4451 l.
994 4397 1050 4474 39.
1069 4385 1088 4449 6
1119 4371 1210 4480 ,serp
1225 4380 1250 4449 1.
1271 4381 1349 4448 161.
1366 4395 1449 4467 173.
1466 4375 1495 4452 §-
1515 4396 1547 4444 2.
1564 4391 1643 4461 174.
1659 4363 1739 4464 infe.
1756 4365 2022 4464 Etbaecquidem

266 4517 268 4526 v
418 4499 461 4550 eo
477 4473 496 4548 s
512 4479 620 4554 ellare
646 4479 794 4571 Quando
811 4496 939 4552 moram
953 4397 1110 4550 admitti
1134 4477 1209 4575 quir
1236 4471 1452 4574 intelligatur:
1480 4471 1638 4550 Morene,
1663 4469 1698 4543 in
1726 4491 1825 4548 uam,
1850 4461 2022 4581 amisse,

419 4577 455 4650 id
467 4500 511 4656 es
527 4581 718 4680 dilationem
732 4575 768 4652 in
786 4607 818 4654 re
832 4573 939 4651 debita
956 4569 1131 4674 praestanda
1148 4565 1290 4650 indebite
1302 4567 1475 4646 admisisset
1487 4570 1593 4664 Cujus
1605 4568 1650 4642 uei
1662 4492 1831 4648 deinirio,
1849 4589 1930 4640 cum
1942 4563 2024 4636 alto·

413 4682 505 4774 quin
520 4679 552 4752 in
571 4680 658 4752 fallo
672 4678 776 4779 magis
792 4697 892 4776 quant
905 4683 940 4750 in
956 4679 1026 4766 iure
1041 4674 1213 4754 consistat,
1240 4667 1307 4747 hac
1323 4691 1432 4765 tamer]
1445 4667 1532 4743 inter
1546 4669 1621 4744 aun
1643 4672 1695 4743 Re
1719 4671 1772 4744 ult
1797 4661 1890 4763 super
1915 4685 1956 4776 eo
1973 4683 2024 4732 te·

419 4771 528 4850 nenda
541 4783 605 4853 esre
634 4789 771 4852 Moram
787 4798 859 4850 rum
875 4770 1009 4849 demum
1023 4769 1156 4876 intelligi
1173 4765 1213 4847 ab
1226 4773 1340 4870 aliquo
1357 4763 1499 4844 fastam«
1524 4763 1547 4842 ll
1574 4769 1660 4844 civili
1683 4699 1793 4868 »iique
1821 4763 2024 4862 obligatione

288 4989 291 4996 ι
418 4897 521 4950 nexus
538 4868 741 4956 solutionem
752 4895 926 4968 motetutt
952 4896 1070 4952 cunm
1085 4867 1202 4975 (quud
1216 4869 1284 4950 bac
1297 4879 1384 4976 leeg.
1398 4865 1508 4956 trustra
1527 4867 1625 4946 babet
1636 4879 1649 4966 )
1661 4895 1665 4902 ·
1677 4879 1800 4946 uuam
1822 4857 2023 5035 ”rattib-
2125 4921 2128 4928 ·
