4632 5916
495 621 565 684 ιη
781 561 795 596 “
865 585 1731 665 tnconreoruornnor

490 689 542 764 sus
554 687 762 790 Magistratus
776 689 971 782 imperium,
998 681 1052 758 seu
1066 686 1221 757 delictum
1236 689 1363 783 imperii
1380 682 1494 758 deserti
1506 693 1779 784 contemptique,
1808 709 1847 760 ut
1863 687 2014 786 loquitur
2025 692 2096 764 Ao-

491 791 637 892 gustinus
655 815 687 858 r.
706 790 744 858 de
764 787 866 862 Civit.
883 787 1046 888 Dei,·cap.
1060 795 1121 875 46.
1141 789 1176 856 in
1194 785 1289 858 simili
1306 781 1428 882 specie,
1455 788 1523 858 dolo
1536 813 1642 858 carue
1653 815 1717 858 mn
1730 791 1809 888 poste
1824 787 1934 872 ,nullo
1951 785 2023 860 saris
2036 818 2096 864 co-

490 891 560 960 lore
576 887 627 958 vel
644 885 784 958 obtentu
797 884 897 958 velari
913 931 921 960 2
941 880 1129 956 ‹excusarive
1141 881 1246 979 posse:
1278 885 1358 960 sicut
1374 890 1445 956 vice
1460 880 1575 968 versa,
1595 891 1614 962 J
1617 881 1702 956 uss‘us
1708 889 1837 964 Judicis
1850 885 1923 958 doli
1938 882 2097 982 suspicim,

483 1015 566 1060 nem
581 995 616 1059 δι
631 986 762 1080 culpam
780 1011 915 1057 omnem
929 981 1028 1062 eluit,
1055 981 1249 1080 bonamque
1266 984 1363 1056 fidem
1375 983 1504 1054 inducit
1516 986 1549 1056 d.
1562 989 1584 1056 Ι.
1601 993 1684 1070 167.
1700 991 1729 1062 §.
1750 1011 1783 1056 r.
1800 987 1906 1087 snpra
1926 987 1960 1058 h.
1976 1012 2003 1058 t.
2027 1013 2088 1083 pa·

491 1089 569 1159 riter
586 1109 623 1158 ut
637 1087 816 1156 ¹austoricus
829 1089 852 1161 ·]
856 1082 957 1153 udicis
977 1139 988 1166 ‚
1007 1087 1030 1154 i.
1054 1109 1133 1174 137.
1144 1084 1186 1172 su
1208 1111 1262 1155 ra.
1285 1089 1369 1154 Haec
1386 1083 1522 1178 quidem
1537 1105 1646 1198 aperta
1660 1079 1760 1156 sunt.

537 1194 666 1258 Verum
685 1183 726 1254 de
738 1183 869 1256 duobus
884 1181 939 1252 hic
953 1179 1166 1252 videnduma
1190 1183 1329 1254 hucest:
1355 1186 1488 1266 Primo,
1515 1181 1676 1278 quidnam
1704 1183 1744 1254 stt
1757 1181 1860 1266 iliud,
1881 1184 1980 1278 quod
2000 1185 2088 1258 did-

488 1307 548 1358 tur
563 1339 574 1370 ‚
601 1293 681 1358 Non
692 1286 769 1384 posse
783 1285 850 1352 dolo
863 1307 988 1352 careret
1011 1278 1048 1350 id
1060 1284 1149 1351 enim
1166 1277 1276 1352 nescio
1286 1279 1369 1377 quid
1379 1279 1518 1376 amplius
1531 1282 1668 1352 innuere
1678 1289 1714 1351 δε
1740 1285 1917 1376 importare
1927 1281 2084 1369 uidetur,

490 1404 592 1480 quare
608 1381 632 1454 st
647 1379 766 1453 dixisset
784 1379 969 1474 simpliciter
981 1383 998 1455 J
1002 1375 1105 1453 Cons.
1122 1383 1226 1451 dolum
1241 1381 1409 1452 admittere
1421 1409 1429 1450 :
1449 1385 1495 1458 ,Et
1511 1379 1636 1450 veroid
1648 1379 1712 1452 hec
1728 1378 1870 1450 sommia
1899 1382 2083 1469 indicetur,

489 1507 568 1555 curn
584 1485 783 1576 ceteroquin
794 1485 827 1550 in
841 1483 961 1549 caeteris
974 1475 1075 1549 causls
1086 1479 1270 1572 ‚poenalibus
1284 1479 1380 1551 dolus
1390 1477 1634 1574 imprudentia,
1651 1502 1706 1551 aut
1717 1480 1897 1552 rusticitate
1909 1479 2013 1552 ferme
2024 1507 2084 1553 rea

486 1580 546 1654 hri
564 1579 662 1677 possit
677 1633 688 1663 ‚
715 1585 740 1650 i.
761 1579 970 1679 ro8Jupra,
998 1575 1054 1648 ubi
1069 1573 1185 1650 seilicet
1195 1578 1237 1650 de
1250 1583 1371 1674 privari
1385 1575 1529 1651 interdie
1542 1581 1667 1676 egitur.-
1692 1583 1850 1650 Attamen
1864 1577 1920 1649 ubi
1930 1604 2082 1652 contem-

515 1704 549 1751 ta
567 1677 870 1770 Pretorismajestus
883 1675 1003 1748 dicitur
1021 1677 1151 1761 ,.·nulio
1168 1673 1240 1750 satis
1256 1683 1446 1778 ignorantie
1461 1675 1617 1748 mantelio
1630 1727 1649 1769 ,Ι
1668 1675 1761 1748 nullo
1782 1675 2009 1770 imprudenciae
2023 1705 2080 1750 ve.

489 1703 635 1851 iumento
647 1773 794 1850 excusari·
803 1771 1029 1872 quem-porse.
1047 1779 1187 1871 Nempe
1200 1781 1277 1873 quie
1291 1772 1356 1872 ipsa
1370 1801 1479 1849 rermn
1490 1799 1609 1846 natura
1620 1774 1723 1846 didat
1738 1828 1749 1858 ,
1774 1777 2081 1870 intentumqueuni·

484 1880 608 1972 cuique
621 1871 681 1946 csse
694 1863 794 1950 debet'
803 1878 1174 1975 Imperio-Magiiimtns
1183 1875 1366 1972 parendum
1377 1871 1454 1948 eise:
1480 1885 1557 1962 Qua
1570 1877 1826 1957 tatione,·etiam
1840 1872 1895 1944 ubi
1910 1873 1952 1944 de
1963 1878 2084 1970 privati

489 1997 621 2046 tantum
635 1971 777 2048 interesse
786 1977 894 2076 egitur
907 2023 915 2050 ς
926 1977 1157 2074 imprudentiae
1172 1983 1206 2047 δι
1231 1967 1399 2049 rusticitati
1414 1995 1484 2046 non
1499 1969 1694 2072 ignoscitur,
1703 1971 1758 2044 ubi
1772 1961 1841 2066 inse
1855 1967 1973 2044 scilicet
1981 1977 2082 2067 pietat

486 2073 641 2145 naturalis
661 2075 787 2144 dicitur
800 2119 808 2148 2
819 2061 882 2145 t.2.¹
892 2077 1020 2146 (lodda
1035 2075 1215 2164 iujurvoc.
1228 2076 1270 2146 de
1283 2103 1353 2172 quo
1367 2073 1409 2146 ed
1422 2077 1479 2146 nl.
1495 2077 1577 2145 r08.
1589 2073 1707 2174 supra.
1737 2069 1837 2144 Unde
1849 2077 1915 2162 jem
1929 2097 2057 2166 apparet
2067 2127 2083 2158 ,

486 2197 658 2268 perperam
669 2173 710 2244 ad
728 2171 811 2264 hanc
822 2172 930 2272 legem
939 2177 1076 2245 trauan
1088 2175 1128 2244 de
1141 2169 1249 2271 ptenie
1264 2175 1343 2271 *ipsis
1367 2177 1549 2269 Imperium
1574 2171 1781 2269 Magistratus
1802 2171 2050 2244 detrectantium
2072 2199 2085 2242 ε

483 2296 558 2366 quo
575 2271 721 2366 alioquin
731 2297 873 2344 numero
890 2269 1035 2344 suntlitis
1052 2275 1190 2358 damno,
1201 2273 1256 2346 ¹vei
1266 2273 1459 2373 pignoribus
1474 2275 1574 2366 ceptis
1586 2274 1741 2346 coerceri,
1753 2269 1904 2340 muistari
1920 2272 2082 2352 ,vincirit

484 2369 524 2440 Id
537 2369 790 2443 enim'hustenus
805 2372 856 2441 hic
871 2373 1036 2466 quaeritur:
1049 2377 1143 2444 Num
1152 2373 1432 2469 veniaaliquondo
1444 2370 1549 2442 danda
1563 2368 1599 2440 sit
1611 2372 1785 2460 imperium
1798 2367 2004 2466 Magistratus
2021 2367 2082 2440 de-

485 2469 653 2538 credenti?
667 2467 771 2554 Quod
784 2467 844 2538 hac
854 2462 1056 2540 Reabsolute
1069 2479 1106 2539 t&
1121 2469 1239 2542 abscise
1253 2496 1400 2570 negatur.
1413 2475 1521 2543 NON
1534 2471 1720 2546 Potest,
1730 2465 1947 2561 inquinent,
1959 2491 2083 2552 carere,

481 2565 519 2636 id
533 2565 588 2644 est,
603 2563 690 2635 neila
700 2568 828 2636 ratione
835 2567 944 2661 potest
956 2613 970 2642 η
980 2589 1057 2659 quae
1071 2567 1337 2640 formulaeodem
1353 2564 1442 2638 sensu
1459 2567 1645 2662 frequenter
1658 2563 1790 2636 effertur
1803 2570 1835 2636 in
1848 2565 1899 2635 his
1912 2569 2039 2662 Reg.ut
2048 2572 2082 2640 1.

485 2689 504 2733 ι
516 2665 645 2752 r.19.in
651 2663 754 2765 princ.
763 2667 866 2757 i.29.3
879 2667 1070 2754 1.99.nit„h.
1079 2693 1103 2740 t.
1120 2666 1272 2738 Alterum
1282 2664 1432 2760 superest,
1445 2663 1597 2760 quisnam
1614 2665 1740 2738 dicatur
1749 2662 1881 2766 Imperio
1895 2664 2078 2762 Magistra-

479 2785 536 2832 tus
550 2789 610 2832 non
624 2773 759 2863 parere?
785 2765 868 2833 Non
883 2767 998 2858 utique
1007 2767 1033 2834 ie
1043 2769 1102 2857 qui
1110 2765 1150 2834 ad
1170 2764 1319 2842 Judicern
1331 2761 1382 2835 seu
1394 2769 1428 2835 in
1442 2763 1540 2854 joseb
1554 2757 1735 2834 adversatio
1750 2785 1966 2834 vocatusnon
1980 2764 2078 2846 ierit,

483 2862 624 2930 maxime
639 2857 660 2928 fi
677 2859 880 2943 certumst,
901 2883 1064 2936 uocatum
1075 2861 1116 2934 ad
1133 2870 1152 2941 J
1156 2859 1399 2934 urisdietionem
1414 2869 1480 2954 ejus
1493 2889 1565 2933 non
1578 2864 1762 2957 pertinere,
1786 2865 1810 2932 l.
1821 2865 1880 2931 ult.
1904 2869 1948 2934 D.
1959 2861 1995 2931 de
2007 2871 2077 2949 Ju-

478 2957 603 3048 n'sdiii.
617 2963 639 3029 l.
651 2960 853 3032 contumacia
869 2986 925 3050 53.
940 2971 986 3035 D.
1002 2963 1039 3032 dr
1048 2989 1083 3032 re
1084 2963 1195 3052 judic.
1210 2966 1303 3032 Nam
1313 2961 1369 3033 etii
1377 2965 1411 3033 in
1426 2968 1476 3055 jus
1487 2983 1627 3033 uocatus
1638 2959 1682 3030 ab
1693 2953 1875 3030 adversario
1885 2957 2077 3041 iredcbeet,

482 3057 565 3127 adeo
583 3057 721 3153 quidem
733 3079 775 3127 ut
785 3057 842 3129 etsr
852 3057 1024 3132 dubitetur
1038 3085 1145 3140 ,num
1160 3061 1198 3130 ad
1211 3069 1231 3138 J
1234 3057 1477 3133 urisdidiionetn
1492 3065 1560 3151 ejus
1572 3064 1733 3154 pertineat
1746 3061 1805 3150 qui
1816 3061 1948 3128 vocavit
1963 3110 1974 3141 ,
1992 3053 2079 3129 sern-

479 3179 539 3250 per
556 3155 702 3225 eundum
717 3154 774 3232 fit,
791 3179 935 3253 attpmen
947 3161 1009 3230 hac
1021 3183 1118 3254 ⁴purte
1133 3160 1298 3232 rusticitati
1321 3160 1465 3232 hominis
1478 3161 1643 3252 parcitur,
1665 3161 1692 3228 1.
1712 3183 1743 3226 2.
1755 3157 1784 3232 §-
1799 3182 1830 3227 1.
1844 3165 1887 3228 D.
1888 3161 1920 3248 fi
1941 3154 2013 3253 quis
2035 3157 2078 3230 ia

465 3257 533 3347 jus
549 3277 655 3326 vocat.
668 3283 729 3325 non
741 3255 838 3326 ierit.
856 3255 948 3343 Quid
959 3259 1059 3356 igitur
1073 3275 1083 3328 ἓ
1097 3263 1240 3352 Imperio
1250 3260 1460 3358 Magistratus
1470 3283 1543 3328 non
1558 3279 1648 3350 paret
1661 3305 1673 3332 ‚
1685 3258 1748 3350 qui
1763 3248 1830 3348 ipse
1844 3281 1863 3324 a
1876 3255 2078 3352 Magistrum

481 3375 618 3424 vocatus
630 3379 703 3426 non
713 3377 911 3447 comparem,
932 3359 1045 3425 uocati
1058 3361 1146 3426 enim
1159 3359 1208 3428 est
1225 3385 1293 3428 non
1306 3379 1522 3428 contemnere
1547 3357 1779 3426 austoritatem
1792 3357 1944 3424 Praetoris
1959 3406 1970 3436 ‚
2000 3359 2022 3426 Ι.
2035 3382 2075 3446 5.

473 3452 575 3526 Dstde
579 3452 721 3539 judiciis
732 3507 741 3536 ,
752 3477 828 3546 quae
836 3457 883 3522 ita
903 3448 1129 3548 separandaest
1144 3457 1232 3526 adr.
1245 3483 1276 3527 2.
1289 3481 1371 3551 quas
1381 3455 1525 3549 alioquin
1535 3450 1974 3545 interpretesconsundunt.
1991 3459 2086 3526 Item

475 3550 654 3642 imperium
669 3553 878 3646 Magistratus
892 3551 1070 3636 detrectet,
1095 3556 1154 3644 qui
1169 3554 1262 3648 quod
1275 3577 1455 3624 extremum
1469 3547 1787 3633 estJm-isdietionis,
1813 3577 1886 3620 non
1914 3547 2012 3633 facit,
2038 3552 2086 3625 id

474 3645 542 3730 est,
559 3643 581 3716 fi
598 3671 666 3716 rem
682 3645 839 3716 mobilem
855 3647 971 3720 abduci
985 3648 1038 3720 vel
1053 3651 1170 3722 auferri
1181 3649 1286 3746 pass'us
1301 3679 1369 3722 non
1387 3651 1484 3722 suerit
1501 3657 1549 3736 ,1.
1564 3677 1618 3722 un.
1631 3658 1676 3722 D.
1683 3654 1715 3742 fi
1726 3647 1862 3746 quisjrrs
1874 3647 2018 3720 dicenti.
2042 3655 2086 3725 Si

477 3741 608 3816 missurn
620 3748 657 3818 in
673 3742 897 3839 possessionem
911 3773 949 3818 ex
964 3752 1074 3844 primo
1088 3749 1221 3822 decreto
1232 3777 1305 3821 non
1316 3746 1481 3821 admiserit
1498 3802 1505 3826 ,
1527 3749 1585 3821 titss
1603 3777 1639 3818 ne
1652 3747 1773 3843 visfiat
1788 3748 1818 3819 ei
1834 3747 1893 3846 qui
1917 3748 2084 3849 inpoffeffi
2093 3795 2097 3803 ι

479 3846 539 3940 qui
549 3847 637 3914 trino
648 3843 791 3922 edicto,
814 3846 868 3917 vei
886 3843 1546 3944 uno'peremptoriocitetuepraesentipm
1567 3843 1614 3920 sui
1637 3846 1741 3919 facere
1752 3841 2006 3942 contempserit,
2031 3849 2087 3919 li-

349 3995 353 4002 .
474 3962 583 4012 temve
596 3939 794 4024 deseruerit,
815 3945 852 4016 d.
866 3950 889 4018 l.
906 3973 921 4036 5
928 3955 1019 4040 3.D.
1033 3949 1072 4018 de
1084 3977 1121 4019 re
1125 3948 1235 4038 judic.
1250 3953 1406 4044 Denique
1423 3951 1481 4042 qui
1495 3948 1631 4022 decreto
1653 3950 1802 4018 Praetoris
1819 3974 1887 4016 non
1904 3945 2088 4039 obtempe-

476 4059 526 4108 rat
542 4091 553 4122 2
577 4043 602 4108 s·
615 4065 628 4106 ¹
641 4067 671 4128 3·
687 4046 719 4114 §-
737 4069 768 4110 2.
785 4053 828 4114 D.
844 4046 882 4114 de
894 4044 995 4135 injur.
1008 4051 1067 4142 qui
1083 4050 1219 4144 imperio
1232 4049 1521 4146 Magistratusnon
1535 4050 1641 4142 paruit
1652 4046 1687 4118 h.
1704 4044 1728 4116 i.
1756 4051 1796 4115 Et
1822 4043 1977 4114 hedenus
1992 4048 2084 4140 qui-

472 4135 548 4206 dem
565 4138 599 4206 in
613 4139 748 4234 privatis
762 4145 901 4232 negotiis
914 4148 1055 4235 imperio
1072 4145 1279 4243 Magistratus
1292 4149 1366 4242 quis
1376 4171 1449 4217 non
1464 4170 1575 4238 parere
1589 4145 1732 4216 dicitur.
1761 4147 1882 4236 Neque
1896 4147 1985 4210 enim
2001 4141 2083 4218 haec

470 4237 558 4334 Reg.
571 4237 704 4332 proprie
717 4237 856 4328 pertinet
869 4233 910 4303 ad
922 4243 1100 4330 Imperium
1114 4245 1324 4337 Magistratus
1342 4297 1352 4325 ‚
1377 4243 1472 4338 quod
1489 4243 1618 4338 publica
1628 4244 1761 4336 negotia
1779 4235 1918 4334 spestat,
1943 4237 2004 4309 etsr
2031 4268 2082 4314 eo

470 4331 714 4405 uccommodari
730 4357 868 4431 quoque
883 4331 981 4426 possit
996 4389 1004 4406 .
1018 4345 1183 4424 Quaenam
1203 4336 1444 4435 eutemspeeies
1460 4391 1468 4416 t
1482 4341 1653 4438 quodnam
1667 4337 1881 4408 domicilium
1896 4335 1973 4407 huic
1984 4342 2083 4440 Reg.

259 4443 260 4446 ’
386 4501 388 4506 ,
416 4529 418 4534 ,
469 4430 647 4527 aptandum
664 4431 700 4503 stt
712 4485 727 4520 Ι,
740 4430 870 4601 ‘litpuido
887 4428 958 4504 sciri
970 4461 1043 4507 non
1055 4438 1165 4534 potest
1177 4493 1189 4523 ,
1200 4465 1282 4512 curn
1293 4465 1330 4512 et
1343 4437 1512 4536 desumpta
1528 4438 1567 4512 srt
1579 4465 1618 4510 ex
1634 4435 1728 4508 libris
1744 4436 1958 4541 Epistularum
1970 4443 2085 4514 Javo-

464 4529 531 4610 leni
546 4585 557 4614 ,
582 4537 616 4600 in
633 4556 719 4626 quos
733 4557 779 4602 nu
793 4531 826 4604 lo
841 4527 913 4604 setis
927 4555 1019 4605 cetto
1034 4537 1162 4622 ordine,
1180 4560 1295 4612 verum
1309 4563 1537 4636 morenate,
1553 4531 1722 4638 Responsa
1733 4543 1803 4630 ejus
1815 4561 1874 4630 per
1889 4533 2074 4630 Epiiiolam

290 4691 294 4700 .
396 4647 399 4654 ’
453 4625 729 4702 relatasuerunt:
753 4658 863 4726 neque
876 4631 942 4704 ulla
958 4659 1070 4706 earum
1094 4639 1302 4734 regularum,
1325 4665 1401 4734 quae
1416 4667 1452 4710 ex
1474 4641 1594 4712 eodem
1607 4638 1689 4710 libro
1703 4647 1739 4707 6.
1757 4631 1934 4730 desumpto
1964 4627 2038 4703 sunt
2057 4686 2075 4715 ,

340 4787 342 4794 ,
459 4727 650 4897 puidquum
663 4751 742 4804 cum
753 4728 814 4802 hac
829 4755 1011 4804 commune
1025 4731 1145 4805 hebent
1161 4789 1171 4806 .
1195 4739 1427 4809 Contumaciae
1443 4761 1532 4810 certe
1553 4733 1671 4907 iPoeies
1683 4736 1754 4807 alie
1765 4738 1931 4828 variatque
1945 4732 2081 4805 ‘adrem

1573 4857 1655 4923 unt,
1680 4861 1758 4932 quae
1771 4835 1988 4922 continentur
2003 4879 2018 4916 ,
2041 4836 2079 4945 f.

1998 4957 2077 5004 mt-

481 4849 516 4892 us
532 4831 551 4900 J
554 4831 663 4924 urit&
678 4831 698 4904 J
703 4826 887 4900 udiciorum
900 4831 1099 4906 ordinemeb
1110 4833 1171 4908 hac
1183 4835 1294 4910 nostra
1307 4836 1543 4936 distinguenda
