4632 5916
1111 189 1165 239 1⁰¹&
1211 221 1230 240 ¹.
1356 216 1366 240 ἱ

1089 273 1093 284 .
1185 244 1250 294 13¹⁴„
1273 251 1300 289 ¹¹.
1336 249 1362 298 ἢ
1447 281 1450 288 ,

1159 291 1228 360 ¹¹⁶⁸¹·
1308 289 1370 362 ἀέξοι·

344 575 346 578 ’
390 599 452 670 nt
475 590 664 668 trenta
687 585 975 669 catoniana
999 573 1659 660 xrxlcoitammrntouttt
1776 615 1844 686 2„

242 697 323 765 Hac
339 697 536 766 nominatim
551 699 636 792 Reg.
646 790 650 796 ,
661 699 675 782 (
687 694 778 765 velut
792 693 983 766 Catoniana
998 683 1116 786 regula
1131 682 1288 766 scintilla,
1316 683 1357 754 de
1377 706 1443 778 qua
1456 692 1560 778 mot)
1577 687 1622 757 est
1642 684 1693 759 de¹
1711 689 1844 780 institn-

243 793 412 866 tionibus:
438 791 613 889 dequibus
629 791 673 864 est
696 799 731 864 δι
755 797 777 865 l.
781 797 813 888 st
820 786 922 894 primo
938 793 1018 862 8.D.
1035 789 1071 857 de
1083 784 1171 855 lihet.
1188 782 1369 884 &polim
1386 786 1416 859 i·
1432 782 1469 855 in
1482 785 1642 859 extraneis
1654 817 1689 878 4.
1707 793 1783 886 Injl.
1800 800 1840 870 de
1970 872 1973 878 ,
2017 851 2034 874 .

180 889 186 903 ’
241 891 342 962 iered.
357 898 445 989 qual.
456 903 495 974 d*
507 891 577 988 aiffi
590 891 682 964 Idem
697 889 912 964 nihilominus
924 886 1054 984 obtinet
1066 885 1103 956 in
1118 878 1272 954 omnibns
1301 879 1369 996 aliis
1385 933 1396 964 ,
1413 905 1488 976 qua
1501 908 1539 954 ex
1553 885 1745 963 testamento
1754 919 1838 994 pro.

239 984 448 1074 ficiscuntur,
475 1013 512 1060 ut
524 989 644 1063 dicitur
655 993 688 1063 d.
699 995 723 1064 l.
740 1016 822 1062 201.
840 986 966 1067 veluti,
992 987 1026 1056 in
1041 983 1179 1081 legatis,
1205 974 1413 1078 caterisque.
1439 986 1491 1052 De
1506 1006 1579 1080 quo
1594 991 1689 1060 omni
1699 987 1765 1064 nir
1776 1020 1836 1092 pc-

240 1085 366 1158 euliaris
382 1094 502 1190 Regula
518 1089 720 1175 Catoniana,
743 1089 787 1160 de
799 1115 866 1186 qua
882 1109 961 1159 mox
973 1083 1102 1197 plutas
1363 1180 1371 1194 ·
1558 1183 1567 1196 ·
1620 1184 1628 1201 υ
1683 1189 1692 1204 .

286 1188 456 1260 Est'autem
468 1190 534 1262 hnc
542 1195 592 1262 R.
609 1212 704 1262 caute
721 1186 927 1284 accipienda,
943 1207 980 1256 nt
994 1186 1028 1253 in
1045 1173 1232 1252 umversum
1248 1183 1433 1252 Catoniana
1448 1183 1494 1253 R.
1504 1177 1545 1252 de
1557 1183 1759 1263 lnstttuttone
1770 1209 1837 1290 pu-'

236 1305 272 1355 n
289 1334 299 1363 ‚
325 1312 428 1383 mque
442 1295 535 1380 cujus
551 1289 621 1360 dies
634 1315 653 1359 2
664 1312 774 1360 morte
789 1279 1191 1360 testatoris‘fmrimeedito
1207 1295 1366 1348 nonveto
1381 1277 1423 1350 de
1436 1301 1472 1350 ea
1483 1285 1575 1372 cujus
1589 1281 1655 1354 dies
1667 1287 1753 1359 cedit
1764 1295 1833 1398 posi

234 1383 359 1454 aditam
371 1390 496 1459 demum
512 1387 713 1459 hereditatem
729 1384 1075 1476 sCatoniana‘quippe
1089 1374 1219 1476 Regula
1232 1397 1302 1448 non
1317 1380 1460 1471 pertinet
1475 1379 1517 1448 ad
1530 1377 1722 1458 hereditates
1738 1395 1769 1460 ἃ
1784 1391 1832 1463 le-

236 1503 310 1580 gata
324 1509 473 1578 quorum
486 1483 556 1558 dies
571 1477 640 1557 tlon
655 1490 774 1558 mortis
789 1509 939 1580 tempore
955 1529 966 1560 r
981 1476 1035 1552 sed
1048 1479 1122 1572 post
1138 1475 1258 1548 aditam
1283 1475 1368 1546 cedit
1385 1475 1621 1565 hereditatem,
1646 1487 1668 1554 l.
1687 1513 1717 1576 3.
1732 1497 1778 1570 D.
1794 1494 1833 1565 dt

239 1577 351 1679 Regni.
367 1595 475 1656 Caton.
492 1611 565 1682 qua
580 1588 624 1656 ita
637 1583 823 1680 accipienda
838 1585 883 1653 est
898 1589 933 1652 δι
947 1574 1141 1652 vindicanda
1157 1573 1197 1646 ab
1211 1575 1438 1648 emendatione
1453 1577 1581 1693 cujacii
1595 1611 1629 1680 4.
1649 1584 1779 1674 Observ.
1796 1621 1830 1692 4,

129 1697 134 1706 ’
236 1685 295 1774 qut
307 1679 351 1752 ibi
364 1681 441 1755 loco
456 1685 640 1756 hereditates
654 1681 845 1756 rescribebat
859 1681 1030 1756 libertates:
1058 1681 1107 1748 uti
1125 1679 1292 1746 contrario
1320 1697 1432 1746 ettote
1453 1678 1620 1750 Antonius
1648 1683 1746 1756 Faber
1773 1715 1829 1770 ta.

237 1783 374 1866 Cenjeli.
394 1809 448 1871 19.
464 1787 523 1879 qui
538 1785 572 1854 in
588 1789 611 1855 1.
628 1816 662 1874 4.
679 1782 815 1854 verbum
830 1778 1054 1853 conditionales
1067 1771 1194 1846 delebat
1207 1791 1218 1858 3
1235 1769 1326 1871 quast
1339 1798 1375 1844 ex
1387 1770 1496 1848 Glolia
1510 1777 1650 1871 impetiti
1665 1787 1831 1894 interpre-

236 1877 278 1944 tis
290 1880 327 1948 in
343 1901 468 1953 textum
484 1878 663 1978 irrepserit:
679 1883 748 1968 ille,
775 1884 853 1980 quia
865 1877 1029 1980 Regulam
1042 1875 1261 1948 Catonianam
1276 1875 1361 1944 reete
1376 1873 1571 1946 existimabar
1585 1877 1625 1948 ad
1640 1875 1830 1968 hereditates

278 1979 399 2048 ttinere
414 2007 429 2050 :-
449 1984 502 2052 cui
515 1982 640 2054 obstare
654 1983 720 2054 haec
734 1981 783 2054 lex
798 2010 830 2075 3.
852 1977 918 2052 viia
932 1979 993 2050 eli:
1010 1976 1064 2048 hic
1081 2027 1092 2058 ,
1119 1999 1188 2044 non
1203 1976 1363 2068 pertinere
1378 1970 1525 2074 regulam
1545 1977 1764 2056 Catonianam
1789 1987 1831 2062 ad

235 1993 452 2152 hiteditates.
480 2079 591 2168 Quod·
605 2084 730 2174 Cujacii
747 2080 1012 2153 emendationem
1028 2075 1143 2145 attinet
1162 2120 1172 2152 ι
1194 2075 1357 2144 continuo
1372 2091 1481 2142 tamen
1496 2069 1552 2144 filo
1575 2072 1623 2145 lex
1646 2106 1677 2170 3.
1693 2078 1830 2182 legenda

29 2253 32 2260 Ι
102 2177 114 2197 ''
233 2171 279 2240 est
293 2177 364 2246 ita:
390 2183 510 2278 Regula
525 2180 700 2252 Catoniana
719 2181 981 2352 nonjertimtad
994 2174 1179 2250 hereditates
1196 2225 1208 2258 ,
1234 2197 1332 2269 nsque
1349 2171 1393 2241 ael
1406 2197 1442 2242 ea
1462 2176 1591 2272 legata,
1617 2205 1751 2272 quoram
1765 2185 1831 2264 dies

232 2295 295 2341 non
306 2273 415 2346 mortis
429 2301 563 2382 ternpore
579 2330 589 2359 ‚
608 2281 773 2384 sed'pefle

232 2370 337 2455 Quod
352 2373 441 2446 Fabri
454 2378 717 2451 emendationem
732 2384 848 2452 attinet
861 2379 954 2482 estxea
967 2375 1064 2448 nimis
1079 2395 1181 2470 quam
1194 2368 1296 2440 audax
1311 2373 1345 2438 &
1355 2366 1396 2438 ab
1607 2473 1616 2486 ·

231 2468 301 2540 vim
318 2469 414 2564 hujus
429 2479 515 2574 Reg.
532 2477 573 2547 ad
587 2479 805 2548 institutiones
817 2501 955 2570 quoque
968 2477 1149 2568 pertinere:
1177 2463 1230 2539 sed
1244 2488 1375 2538 tanturn
1394 2465 1466 2536 vult
1489 2469 1712 2546 Catonianam
1739 2479 1824 2581 Reg,

796 2281 878 2352 itam
890 2279 975 2351 cedit
990 2273 1192 2349 hereditatem
1211 2327 1218 2342 .
1244 2275 1284 2340 Et
1301 2266 1342 2340 fic
1357 2272 1487 2350 Cu'ac‘ii
1511 2271 1601 2344 astus
1613 2271 1826 2358 absolvetur.

1397 2297 1511 2440 lurda:
1537 2369 1594 2452 etit
1610 2398 1679 2444 non
1694 2385 1829 2478 negetis

174 2589 300 2653 ¹non
319 2565 597 2646 fitiii'edeheredis
610 2573 836 2659 institutione,
861 2597 979 2644 verum
993 2569 1034 2644 de
1047 2569 1160 2670 legetis
1175 2590 1326 2645 tatarum:
1352 2559 1426 2635 saris
1438 2569 1525 2636 enim
1541 2565 1609 2639 aliis
1628 2572 1745 2668 regulis
1772 2583 1827 2668 ju·
1960 2647 1965 2666 ,

229 2665 408 2763 risantiqui
419 2665 460 2740 de
474 2671 676 2742 institutione
687 2694 824 2742 cautum
836 2668 926 2740 iuilse
940 2727 947 2741 .
959 2679 998 2740 In
1013 2693 1085 2760 quo
1100 2669 1229 2764 largiter
1239 2672 1273 2734 &
1288 2660 1460 2744 subtilitate
1477 2667 1577 2734 nimia
1586 2664 1825 2752 fallitur:Na1n

226 2763 298 2833 imo
311 2769 400 2838 Cato
429 2771 440 2850 (
454 2766 548 2859 quod
561 2773 630 2856 jam
644 2767 689 2836 ad
701 2765 875 2839 Rubricant
891 2773 930 2848 ὠ
941 2771 966 2836 l.
985 2793 1015 2838 ι.
1044 2766 1257 2854 notavimus)
1286 2789 1355 2832 non
1369 2767 1420 2852 jus
1442 2788 1569 2836 novum
1586 2763 1723 2865 aliquod
1738 2798 1824 2848 con-

229 2858 355 2944 stituit,
368 2885 485 2934 vetum
500 2885 560 2958 pet
575 2868 724 2936 materias
738 2867 820 2956 jutis
835 2858 975 2937 diversas
989 2889 1061 2962 qua
1073 2857 1104 2938 st
1118 2861 1236 2934 eodem
1249 2861 1354 2932 modo
1365 2861 1429 2934 'hac
1441 2885 1531 2959 parte
1539 2864 1703 2938 habebant
1710 2921 1723 2970 ε
1741 2867 1827 2970 spat·
1895 2943 1900 2952 .

227 2949 274 3038 sa,
287 2959 322 3027 in
340 2983 439 3030 unam
454 2960 600 3060 regulam
615 2957 667 3035 seu
682 2965 925 3056 eonjestiontm
936 2968 1060 3064 coegit,
1074 2959 1250 3058 compulit:
1262 2959 1350 3032 unde
1365 2957 1492 3034 tursum
1509 2969 1530 3040 J
1532 2958 1737 3041 urisconsulti
1750 2971 1824 3067 post

224 3056 395 3128 Catonem
410 3053 556 3154 speciales
572 3060 715 3162 Regulas
729 3061 770 3140 ele
797 3061 1027 3137 heteditatibus
1045 3069 1080 3134 δι
1090 3061 1132 3152 de
1144 3060 1276 3160 legatis,
1293 3056 1383 3131 velut
1393 3085 1430 3132 Β
1440 3060 1574 3149 immo,
1590 3063 1821 3164 deripuerant.

227 3154 311 3224 Non
325 3156 424 3254 igitur
434 3153 566 3230 divetsae
581 3155 656 3232 sunt
668 3159 734 3232 alia
748 3162 884 3264 Regula
897 3185 973 3260 quae
995 3161 1037 3236 de
1050 3158 1308 3233 institutionibus
1320 3182 1445 3260 agunt,
1468 3185 1585 3235 vetum
1612 3167 1682 3239 imo
1706 3170 1824 3270 regula

104 3315 105 3318 ,
171 3251 176 3264 “
226 3254 419 3324 Catoniana
436 3255 696 3347 veluteenolrpee
711 3267 746 3331 δε
761 3255 929 3337 scintille.
954 3269 1032 3352 Qua
1045 3261 1087 3333 de
1100 3261 1246 3334 rectam
1260 3258 1336 3330 vide
1350 3258 1511 3332 Maestum
1541 3265 1753 3338 Gordonium
1788 3295 1820 3345 ι.
1916 3298 1919 3306 ·
1957 3255 1964 3266 ’

226 3353 418 3447 Preternte'ffl
436 3349 469 3426 8.
484 3360 589 3449 Cujus
604 3362 702 3432 etiam
715 3361 898 3457 exemplum
906 3383 996 3433 extet
1008 3363 1045 3432 in
1053 3355 1099 3456 ip.
1113 3365 1136 3432 l.
1153 3361 1209 3431 an.
1221 3362 1287 3436 §.Gr
1301 3362 1375 3430 Coel.
1389 3361 1427 3431 de
1440 3361 1644 3444 sancirent.
1687 3393 1719 3436 2.
1737 3374 1821 3446 item

225 3443 370 3528 secundo
384 3453 461 3525 loco
475 3463 546 3527 non
560 3458 604 3528 est
618 3458 686 3532 hac
706 3463 791 3558 teg.
801 3460 987 3556 accipienda
996 3457 1253 3532 deinltitutione
1268 3457 1501 3533 Conditionali.
1527 3463 1618 3535 Nam
1642 3467 1677 3537 in
1701 3467 1821 3541 condi·
1933 3495 1937 3504 ·
1961 3547 1964 3552 ,

223 3547 341 3620 tionali
356 3545 430 3624 satis
444 3553 489 3623 est
504 3555 703 3630 conditionis
718 3560 877 3652 existetrtis
888 3581 1037 3656 tempore
1050 3559 1288 3640 iustitutionem
1315 3553 1369 3628 seu
1380 3557 1539 3632 ⁴iteretieut
1562 3563 1820 3642 conditionalem

224 3649 308 3720 vitio
319 3675 390 3721 non
405 3649 572 3739 laborate,
599 3659 677 3752 quia
690 3656 736 3729 ibi
748 3660 904 3730 existentis
918 3657 1119 3732 conditionis
1135 3680 1265 3752 tempus
1279 3651 1441 3751 spedatut
1458 3708 1468 3738 ‚
1493 3665 1516 3732 l·
1541 3663 1695 3751 Julianus
1712 3693 1771 3752 97.
1787 3671 1816 3747 i.

227 3769 260 3816 r.
277 3754 324 3818 D.
340 3750 379 3818 de
390 3749 508 3822 condit.
523 3763 562 3836 (h
574 3755 735 3848 mensis.
760 3757 865 3852 ldque
879 3757 1031 3854 estquod
1044 3757 1182 3837 dieitur,
1198 3765 1242 3827 Re
1263 3759 1351 3824 ulam
1363 3756 1569 3830 &renianam
1582 3762 1628 3831 ad
1643 3761 1821 3854 institutio-

221 3866 275 3914 nes
284 3845 508 3920 conditionales
521 3879 582 3923 non
592 3855 761 3954 pertinere,
772 3862 872 3958 ipen.
886 3858 1011 3947 4.D.de
1022 3864 1213 3956 Reg.Caton.
1230 3783 1352 3926 liariter
1367 3857 1452 3924 utin
1467 3853 1575 3953 legato
1589 3861 1817 3958 conditionali,

219 3945 245 4014 l.
261 3969 365 4018 catera
379 3950 421 4032 ,§.
440 3973 470 4021 r.
487 3949 693 4051 deleganti.
708 3980 738 4027 ι.
753 3959 784 4032 §-
804 3979 835 4026 ι.
850 3956 889 4026 de
901 3963 979 4056 Reg.
996 3963 1066 4028 Car.
1110 3982 1144 4046 5.
1159 3954 1275 4024 Tertio
1289 3957 1327 4024 δι
1344 3949 1412 4027 haec
1420 3958 1569 4050 exceptio
1583 3955 1730 4046 addenda
1747 3963 1817 4036 est:

73 4127 75 4138 Ι
204 4040 294 4114 ¹Nisi
309 4048 405 4116 novis
415 4044 578 4143 aliquibus
592 4048 717 4151 legibus
734 4051 869 4152 Regula
882 4056 1075 4127 Catoniana
1103 4049 1357 4151 derogantibus,
1381 4051 1417 4122 id
1439 4058 1637 4128 nominatim
1664 4083 1816 4155 compre·

221 4135 360 4213 hensum
374 4143 434 4230 ht,
460 4168 497 4218 ut
511 4149 672 4222 institutio
685 4149 797 4248 aliquo
813 4147 888 4224 casu
903 4179 942 4225 ex
955 4144 1332 4248 potentto'eonratescat
1351 4157 1424 4223 :Ut
1439 4179 1540 4238 ecce,
1569 4153 1617 4226 lex
1633 4161 1729 4250 Papia
1744 4183 1816 4228 coe-
1954 4216 1961 4232 .

191 4286 196 4294 -
219 4233 293 4310 libis
307 4240 543 4318 institutionem
557 4247 710 4331 lustina,
735 4249 922 4348 regulariter
936 4249 1083 4348 alioquin
1093 4248 1268 4332 inutilem,
1295 4246 1318 4318 st
1334 4251 1439 4322 modo
1455 4251 1574 4323 coelebs
1588 4252 1750 4327 institutus
1762 4258 1814 4328 in-

222 4353 273 4404 tta
285 4357 419 4406 eentum
434 4338 502 4410 dies
516 4342 577 4440 legi
593 4351 749 4438 paruerit,
766 4343 799 4416 id
813 4349 881 4426 est,
896 4375 1033 4422 uxorem
1048 4348 1197 4422 duxerit:
1214 4345 1378 4440 Ulpianus
1392 4350 1428 4416 in
1433 4351 1557 4448 fragm.
1570 4349 1622 4421 eir.
1642 4365 1736 4440 17&
1755 4382 1812 4429 22.

222 4435 263 4504 Et
276 4431 341 4505 hoc
355 4430 446 4506 sensu
474 4436 620 4518 dicitur,
646 4450 668 4512 l.
683 4447 744 4516 selt.
761 4451 808 4515 D.
823 4444 862 4514 de
874 4453 949 4542 aeg.
977 4456 1085 4516 caten
1101 4450 1254 4544 Regulam
1278 4443 1486 4530 Catonianam
1509 4474 1581 4563 non·
1588 4451 1744 4551 pertinere
1771 4455 1816 4530 ad

107 4562 117 4570 ’
221 4534 382 4606 NOVAS
397 4539 550 4620 LEGES,
576 4537 698 4625 idest,
723 4539 852 4612 adeasl
895 4567 953 4625 es,
973 4551 1052 4638 quae
1064 4542 1137 4638 post
1151 4541 1294 4644 regulam
1307 4570 1326 4612 a
1339 4547 1469 4618 Catone
1484 4571 1726 4624 concinnatam.
1743 4550 1814 4623 lata
1936 4641 1939 4649 Ι

109 4663 114 4678 ·
221 4624 324 4716 sunt,
349 4628 534 4729 quibusque
547 4641 597 4725 jus
608 4663 737 4710 novum
752 4637 864 4734 aliquo
903 4635 955 4711 seu
970 4645 1116 4738 exceptio
1126 4647 1317 4717 Catonianae
1333 4639 1640 4748 Regulaederogans
1661 4653 1813 4723 contine·
1830 4649 1838 4732 f
2047 4667 2088 4720 .“

29 4745 31 4784 t
148 4817 151 4824 Ι
222 4749 299 4800 tut:
326 4740 407 4818 Quo
424 4757 564 4806 numero
576 4729 649 4807 sane
659 4735 723 4808 fuit
732 4736 781 4810 lex
793 4737 924 4816 iulia&
941 4742 1058 4834 Papia.
1089 4751 1188 4815 Nove
1200 4739 1303 4840 igitar
1312 4744 1412 4840 leges,
1438 4758 1646 4842 quaeeunque
1665 4769 1702 4817 ut
1717 4775 1813 4822 nova
1914 4800 1918 4807 ·
1995 4751 2051 4818 ·.·'

221 4827 374 4909 Tabula,
399 4829 519 4928 quihus
529 4838 655 4930 ptiotes
667 4841 740 4912 non
753 4859 885 4914 tartum
899 4843 1029 4937 penitus
1041 4861 1232 4920 mutantur,
1257 4839 1484 4941 abrogentur,
1510 4869 1626 4922 tetum
1640 4845 1761 4946 quibus
1775 4851 1812 4956 in
2066 4837 2073 4850 ’

214 4931 342 5020 partem
358 4927 559 5034 derogatur.
1159 4945 1234 5042 po
1259 4966 1280 5012 a
1770 4951 1811 5026 Et
1901 4949 1904 4956 ’
