4724 5930
403 548 407 554 '
478 537 539 604 DE
554 531 656 610 JUD.
672 531 728 605 ET
745 531 850 608 ACT.
867 533 933 603 dle.
962 533 1024 602 Xl.
1054 529 1190 604 ΕΘΗ..
1207 529 1363 600 ΕΒΙΟΤ,
1378 531 1510 600 REGG.
1527 530 1642 604 PARS
1668 537 1729 606 Ill.
1827 587 1839 612 ,a
1885 565 1930 630 93

334 635 417 706 tiam
431 632 543 704 exinde
560 658 672 704 eruere
686 627 739 704 seu
758 627 870 704 efferre
890 655 1007 702 eorum
1029 624 1206 726 quisquam
1224 617 1330 718 adlau'c
1344 629 1666 722 potuit.'Q‘naeritut
1677 633 1711 704 in
1727 633 1829 720 princ.
1846 637 1879 708 d.
1889 643 1934 708 le.
2041 691 2044 700 .

329 733 383 832 gis
400 737 432 804 8.
449 754 562 803 utrum
575 753 666 826 pater
680 727 778 826 poffit
791 723 965 802 inofficiosi
982 727 1147 825 querelam
1161 717 1438 814 institucr'e'FlLll
1455 722 1501 799 sui
1519 733 1713 804 NOMINE
1729 759 1769 806 eo
1794 737 1937 836 invito,
2018 780 2054 809 -.
2097 777 2127 822 ...-
2201 805 2205 812 ,
2351 797 2353 804 .

335 839 371 903 &
389 830 431 904 stc
446 835 557 904 LEGE
577 825 857 924 (Glicia'scilicet)
876 833 1049 901 AGERE?
1076 827 1179 917 Quod
1187 807 1315 926 eelege
1325 819 1369 914 ,ab
1383 823 1531 922 Ulpiano
1545 852 1682 928 negatur
1704 883 1714 913 ,
1740 841 1777 904 δι
1799 835 1937 931 quidem
1963 873 1970 888 .

334 928 523 1027 prejudicio
539 932 731 1024 Papiniani,
747 927 802 1000 lib.
818 957 852 1022 5.
868 927 1037 1032 Questien.
1056 933 1091 998 δι
1112 930 1204 1010 ratio,
1221 919 1360 1042 cftiogue
1374 919 1568 1016 subjicitur,
1594 931 1755 1025 quidhoc
1769 930 1844 1006 casu
1864 935 1935 1030 filii

334 1029 425 1132 ipssus
438 1028 610 1124 injuriaſse
626 1082 638 1111 ,
654 1026 688 1098 id
702 1029 746 1098 est
759 1031 813 1108 ein
831 1029 890 1100 hac
904 1023 1078 1100 inofficiost
1090 1019 1225 1196 guete‘la
1238 1025 1278 1096 de
1294 1017 1458 1122 tpssusmet
1473 1021 1529 1096 filii
1542 1029 1657 1140 ipjuria
1669 1055 1784 1130 agatur
1799 1087 1810 1120 ,
1825 1033 1934 1136 ipfiut,

334 1129 450 1215 idest,
477 1123 596 1200 solius:
622 1129 776 1223 Denique
788 1121 886 1198 solius
901 1125 956 1198 filii
975 1127 1042 1198 haec
1055 1129 1088 1195 in
1114 1127 1241 1223 ‘goario
1255 1121 1314 1210 stt,
1338 1123 1463 1218 Misius
1479 1152 1536 1197 22.
1546 1153 1582 1197 m
1586 1127 1691 1228 princ.
1705 1133 1770 1204 eod.
1784 1133 1837 1204 tit.
1856 1136 1935 1229 quia

332 1230 367 1300 in
384 1254 420 1298 ea
431 1231 538 1328 agitur
551 1226 591 1298 de
607 1229 729 1297 metitis
746 1223 822 1312 filii,
850 1224 930 1298 nilril
943 1224 986 1298 de
998 1219 1112 1296 offitio
1124 1227 1225 1319 patris
1246 1226 1277 1296 d.
1289 1229 1313 1297 l.
1334 1251 1391 1296 22.
1406 1227 1435 1301 5.
1457 1251 1486 1296 1.
1505 1227 1669 1306 Proinder
1689 1232 1701 1318 (
1720 1252 1758 1302 ut
1775 1231 1933 1322 objediio.

253 1345 257 1356 ·
333 1324 430 1398 nibus
443 1355 474 1394 ut
485 1331 599 1416 eapite
612 1324 780 1396 nonnullis
794 1325 847 1398 hic
859 1349 1073 1397 occurramus
1085 1357 1096 1394 :
1108 1331 1119 1412 )
1133 1349 1207 1420 que
1221 1321 1311 1394 velut
1325 1325 1529 1418 exceptiones
1540 1321 1586 1395 ab
1592 1324 1652 1398 hac
1668 1333 1752 1430 Reg.
1758 1330 1843 1401 male
1855 1355 1935 1426 pto-

332 1449 507 1520 ponuntur
519 1425 586 1496 haec
611 1427 734 1518 injuria
750 1419 869 1520 species
884 1421 925 1494 ab
945 1423 1013 1494 aliis
1037 1417 1211 1518 separanda
1227 1425 1317 1494 venit
1339 1475 1349 1504 ,
1375 1421 1547 1518 quae'patri
1562 1450 1641 1497 cum
1657 1425 1725 1500 filio
1739 1454 1941 1504 communes
2036 1513 2041 1520 ,

332 1521 435 1608 sunt,
458 1547 557 1620 atque
570 1522 645 1596 ideo
672 1548 869 1619 perpetrem
894 1524 982 1596 estio
998 1519 1109 1594 inferri
1122 1523 1228 1618 potest
1247 1519 1313 1592 filio
1333 1517 1418 1590 fatte
1435 1524 1552 1612 injuria
1568 1529 1607 1594 dc
1622 1549 1714 1618 pater
1736 1527 1937 1625 plerumque·

332 1621 559 1720 perfunditur,
585 1623 725 1719 duaque
739 1623 824 1694 adeo
839 1618 913 1692 sunt
927 1625 1051 1714 injutiae
1078 1624 1113 1692 in
1129 1648 1199 1692 uno
1219 1619 1327 1692 sesto:
1356 1617 1398 1692 stc
1413 1641 1450 1690 ut
1468 1619 1586 1715 duplex
1598 1623 1711 1697 exinde
1729 1629 1815 1698 auio
1830 1625 1938 1722 profi«

332 1718 493 1808 ciscatut,
522 1750 586 1795 una
601 1748 674 1818 qut
685 1725 770 1818 patri
788 1725 973 1816 competit,
1000 1717 1184 1818 alteraque
1198 1718 1326 1816 ipfimet
1344 1717 1433 1803 filio,
1460 1718 1576 1792 Paulus
1593 1749 1625 1813 5.
1633 1723 1716 1813 sene.
1730 1723 1787 1796 titae
1801 1753 1834 1816 5..
1856 1731 1882 1802 §‚
1902 1756 1936 1820 3‚.

326 1825 353 1892 l.
378 1847 407 1892 t.
424 1827 454 1898 5.
474 1851 503 1910 3.
520 1849 553 1914 5.
573 1827 605 1894 8.
619 1828 680 1892 ult.
701 1831 746 1894 D.
762 1823 802 1892 de
815 1820 948 1912 injuriis
966 1821 1107 1915 (paritet
1123 1842 1159 1890 ut
1175 1825 1267 1891 uxori
1281 1815 1365 1911 fasta
1378 1821 1496 1909 injuria
1510 1823 1631 1892 matit'o
1646 1827 1835 1894 communis
1861 1827 1935 1917 est)

332 1930 371 2003 (e
385 1924 411 1997 i.
431 1947 462 1992 2.
479 1921 550 2014 inst.
566 1924 605 1992 de
618 1921 719 2012 irijun
729 1924 762 1992 in
783 1943 936 2004 tantum,
965 1943 1002 1992 ut
1018 1926 1051 1989 &
1068 1913 1133 2012 ipse
1149 1940 1240 2013 patet
1254 1915 1461 2012 praeferatur:
1490 1923 1535 1988 At
1550 1919 1617 1991 hec
1627 1921 1725 1992 altera
1736 1925 1937 2016 propriaque

269 2085 272 2088 .
330 2021 457 2106 injuriae
477 2015 594 2118 species
610 2015 716 2090 solum
737 2019 838 2092 filium
853 2015 970 2092 afficit.
1012 2044 1042 2089 2.
1055 2023 1138 2088 Item
1152 2016 1211 2088 alia
1235 2019 1319 2087 ratio
1332 2015 1377 2086 est
1389 2014 1525 2088 liberalis
1539 2013 1638 2088 eausa:
1655 2067 1665 2098 .
1680 2045 1756 2090 nam
1772 2027 1807 2092 δι
1818 2047 1936 2118 paren·
2000 2047 2004 2058 ·

332 2137 379 2188 tes
395 2125 428 2188 ἃ
445 2116 535 2190 liberi
548 2127 583 2188 &
598 2122 733 2218 cognati
750 2145 811 2215 pro
831 2120 939 2191 invito
960 2115 1125 2190 liberalem
1143 2110 1275 2188 causam·
1288 2141 1431 2188 exercete
1442 2111 1573 2210 poliunt
1587 2165 1602 2196 ,κ
1614 2121 1691 2213 quia
1706 2113 1780 2190 sane
1792 2123 1939 2214 patentia

330 2205 461 2292 interest
479 2217 581 2288 lilium
596 2213 786 2288 servitutem
808 2245 879 2289 non
894 2212 1038 2301 servire,
1065 2243 1178 2312 neque
1190 2214 1321 2288 modica
1345 2213 1400 2285 filii
1422 2217 1604 2313 ignominia
1631 2219 1700 2300 est,
1727 2215 1938 2312 siparenrem

328 2307 459 2384 servum
474 2315 588 2388 lrabeat
605 2369 616 2400 ,
642 2323 676 2386 δι
693 2309 828 2388 servitus
842 2339 1063 2416 cognatorum
1078 2315 1119 2386 ad
1138 2313 1464 2405 doloremlttostrum
1479 2317 1700 2412 injuriamque
1723 2319 1863 2410 pertinet
1882 2312 1939 2388 seu

328 2416 533 2510 porrigitur,
557 2413 1007 2506 l.1.2.3.4.&c.D.deli
1027 2413 1175 2504 armans
1221 2439 1252 2507 ς.
1267 2410 1419 2506 Deniq‘toe
1444 2411 1503 2482 alia
1518 2417 1601 2484 ratio
1626 2417 1670 2486 est
1683 2413 1935 2487 aliarumadlio·

328 2535 433 2594 num,
460 2538 534 2608 quae
544 2515 689 2607 pecunie
704 2508 964 2606 persecutionem
979 2512 1123 2591 haoent,
1150 2515 1231 2610 quia
1243 2515 1380 2608 pecunia
1395 2511 1439 2583 est
1450 2514 1584 2606 proprie
1596 2518 1693 2608 patris
1705 2542 1712 2586 :
1724 2511 1866 2601 Querela
1878 2539 1941 2585 vec

329 2634 369 2678 ro
384 2610 562 2684 nonhabet
577 2611 799 2706 principaliter
813 2617 957 2708 pecunie
970 2587 1250 2706 persecutionem,
1276 2613 1428 2704 quamvis
1444 2614 1471 2680 ei
1487 2613 1548 2705 qui
1560 2615 1673 2683 vicerit
1688 2667 1699 2696 ,
1713 2611 1866 2684 obveniat
1879 2638 1936 2706 pe*

329 2712 425 2778 cunia
441 2763 452 2794 ‚
479 2703 532 2782 scu
548 2737 754 2807 quamquam
769 2715 942 2805 pecuniam
959 2707 1068 2782 secum
1082 2711 1213 2781 itabat,
1237 2707 1332 2782 Aliai
1358 2711 1424 2778 itur
1443 2711 1526 2778 ratio
1540 2710 1583 2780 est
1599 2711 1736 2804 querelae
1749 2707 1937 2795 inofficiosi»,

319 2803 411 2892 adeo
423 2809 586 2903 quidem,
615 2833 653 2880 ut
664 2807 721 2879 etsi
737 2807 821 2879 filius
833 2809 889 2880 lite
903 2832 1079 2904 praeparata
1094 2803 1277 2883 decesserit,
1304 2735 1487 2900 adpatrem
1504 2832 1612 2878 tamen
1629 2835 1747 2878 canon
1768 2804 1907 2880 transeat
1924 2855 1937 2892 ,

328 2929 400 2974 non
418 2902 674 2978 transmittatur:
701 2909 779 3002 quia
794 2901 911 2978 scilicet
928 2904 982 2976 lilii
999 2905 1088 2976 bona
1109 2927 1199 2999 parer
1215 2927 1357 2997 occupat
1373 2910 1444 2996 jure
1458 2908 1566 2998 patrie
1584 2907 1772 2998 potestatis,
1799 2933 1868 2977 nott
1881 2912 1934 2998 ju-

329 3001 500 3073 aelretedis
515 3001 568 3075 seu
585 3000 811 3086 successimus,
834 3009 858 3076 l.
874 3008 929 3076 28.
954 3012 1000 3077 D.
1024 3003 1234 3102 devagari,
1262 3014 1300 3084 ci*
1318 3007 1340 3074 l.
1364 3029 1395 3073 21.
1420 3011 1465 3076 D.
1491 3003 1528 3072 de
1552 3005 1693 3099 castrenfi
1707 3009 1809 3107 pecul.

380 3104 420 3170 Et
438 3100 504 3172 haec
520 3102 654 3199 quidem
669 3104 809 3200 genuina
825 3096 942 3198 species
957 3102 1001 3174 est
1015 3107 1049 3172 δι
1063 3096 1220 3184 sententia
1235 3099 1331 3191 hujus
1349 3105 1435 3200 Reg.
1454 3125 1652 3200 argumento
1667 3136 1693 3181 .·
1703 3125 1739 3174 ut
1757 3101 1822 3174 dixi
1838 3139 1848 3187 ,-
1863 3130 1933 3175 ceta

330 3195 451 3276 riffimo
464 3200 496 3270 d.
510 3199 586 3300 legis
600 3210 631 3273 6.
644 3212 683 3282 ό*
694 3203 727 3271 8.
740 3209 784 3272 D.
799 3200 836 3270 de
849 3200 937 3294 inoff
950 3201 1016 3294 test.
1034 3207 1084 3274 Ut
1100 3203 1211 3272 mirari
1229 3193 1339 3270 subeat
1354 3201 1495 3270 nmsteos
1521 3202 1627 3278 JCtos
1646 3207 1705 3296 qui
1731 3227 1851 3290 arctim
1877 3197 1935 3278 seu

330 3296 483 3388 mysterio
501 3300 810 3400 conjungendarum
822 3304 906 3371 inter
922 3296 957 3372 se
976 3299 1109 3397 legum,
1135 3324 1253 3370 manus
1272 3298 1414 3392 praebere
1428 3299 1582 3370 nondum
1596 3297 1728 3395 poliunt
1744 3352 1755 3384 ,
1783 3299 1903 3396 quibus
1920 3350 1935 3386 ,

330 3391 354 3464 fi
373 3399 446 3466 Deo
462 3395 566 3490 placet
580 3413 814 3498 argumentum
829 3399 870 3470 ab
883 3394 1097 3492 inscriptione
1117 3405 1154 3470 δι
1173 3395 1349 3469 collatione
1363 3397 1474 3498 legum
1490 3398 1629 3472 aliatum·
1645 3426 1683 3472 etr
1706 3399 1825 3470 eodem
1844 3389 1933 3471 libio

177 3534 183 3542 ·
329 3487 577 3589 desumptarum
597 3503 703 3590 jejuna
721 3503 755 3566 ἃ
770 3500 874 3568 inanis
889 3520 1021 3568 tantum
1033 3496 1299 3594 coniedeuraest·,
1326 3503 1361 3566 dt
1375 3498 1509 3592 quidem
1522 3499 1558 3570 in
1571 3497 1631 3570 ltac
1646 3503 1732 3599 Reg.
1748 3501 1816 3586 Qui
1832 3497 1934 3571 iidem

330 3613 469 3758 qtpoque
480 3593 562 3764 iflelud
576 3595 728 3767 nopdum
742 3596 853 3668 videre
862 3619 1045 3694 potueruut
1057 3653 1069 3685 ,
1081 3601 1112 3676 §-
1122 3623 1155 3670 ι.
1165 3593 1294 3692 hujual.
1309 3594 1351 3670 ad
1361 3596 1501 3670 eandem
1511 3621 1650 3696 quoque
1662 3591 1836 3672 inofficiofi
1848 3623 1932 3694 que·

282 3755 290 3770 ,
328 3715 478 3764 rcamre
512 3722 561 3766 tn.
598 3723 620 3767 o
645 3724 685 3768 ea
1168 3746 1173 3753 -

284 3791 287 3802 '
380 3797 455 3866 Jam
468 3721 650 3892 igiturplrac
664 3787 766 3890 specie
778 3799 823 3868 ira
840 3797 1018 3869 constituta
1036 3797 1139 3895 liquet
1154 3831 1164 3869 .·
1191 3799 1340 3870 Primum
1353 3844 1363 3872 2
1387 3819 1539 3893 quartam
1553 3789 1643 3869 sensu
1657 3791 1710 3869 hie
1725 3795 1871 3881 ditetur,
1885 3801 1938 3868 tea
1954 3838 1957 3848 ·

322 3915 365 3987 ge
375 3891 487 3987 aliqua
500 3921 615 3994 agere:
640 3895 828 3994 legendique
844 3924 934 3996 agere
946 3891 1065 3969 scilicet
1079 3897 1156 3969 nihil
1173 3896 1261 3967 aliud
1276 3898 1320 3994 eli
1339 3923 1442 3994 quam
1454 3893 1581 3968 solenni
1598 3899 1727 3968 aditione
1745 3921 1782 3968 ex
1806 3893 1933 3994 legibus

328 4009 366 4056 xt
379 4015 409 4060 1.
428 3990 616 4066 tabularum
627 3989 734 4065 aliisve
750 3995 874 4094 legibus
888 3992 1103 4069 descendente
1131 4002 1181 4090 jus
1206 3992 1301 4068 suum
1324 3997 1565 4094 propriumque
1593 3993 1682 4090 apud
1700 3996 1932 4094 Magistratum

329 4083 496 4184 persequi,
512 4091 574 4186 fibi
588 4113 701 4192 agere,
727 4096 892 4166 astionem
908 4092 1045 4168 inferre:
1071 4093 1159 4171 unde
1174 4101 1237 4198 lege
1248 4124 1337 4196 agere
1354 4103 1389 4166 dc
1403 4096 1478 4198 legis
1493 4093 1625 4168 aliienes
1637 4099 1770 4190 proprie
1784 4093 1849 4166 hoc
1862 4088 1931 4163 len-

329 4177 366 4252 su
381 4185 494 4278 palliat
509 4191 665 4263 dicuntur
686 4197 708 4264 l.
724 4221 755 4265 a.
773 4199 801 4272 §.
816 4201 848 4266 6.
867 4198 900 4266 8.
911 4198 1004 4268 Dee
1020 4203 1062 4268 0.
1078 4203 1106 4266 Ι.
1119 4201 1139 4270 l.
1157 4223 1188 4291 9.
1204 4205 1249 4270 D.
1263 4200 1301 4273 ele
1314 4198 1391 4294 offic.
1411 4205 1527 4270 Precor
1541 4198 1652 4290 napud
1671 4195 1854 4289 Ulpianum
1873 4191 1938 4288 tit..

334 4303 388 4353 11.
416 4289 548 4381 &apud
562 4313 687 4362 exteros
704 4295 871 4372 audiores:
897 4292 1044 4366 rideatur
1056 4321 1133 4367 cum
1145 4297 1262 4392 primis
1278 4295 1486 4384 cenimina
1497 4303 1530 4366 6.
1551 4320 1621 4398 cap.
1637 4319 1690 4364 to.
1705 4301 1739 4364 δι
1751 4290 1805 4364 lib.
1827 4316 1881 4362 20.
1896 4319 1928 4362 c.

335 4385 497 4495 103'Hinc
512 4392 546 4455 &
562 4387 629 4458 salli
644 4389 732 4470 dies,
758 4390 879 4486 quibus
896 4399 959 4493 lege
973 4394 1028 4495 agi
1040 4393 1176 4467 licebat:
1200 4393 1241 4465 de
1256 4395 1376 4490 quibus
1393 4394 1473 4494 legis
1501 4391 1683 4464 adkionibus
1696 4394 1768 4494 egit
1777 4389 1932 4487 peculiari

329 4503 436 4574 capite
451 4485 623 4555 Brissonius
642 4517 675 4574 4.
680 4491 782 4576 seleii.
802 4519 857 4562 eo.
873 4497 1043 4564 Ceterum
1053 4493 1171 4564 harum
1182 4493 1260 4592 legis
1271 4496 1451 4566 aelianum
1465 4517 1606 4563 numero
1626 4485 1714 4562 fuisse
1729 4490 1928 4572 nominatim

300 4591 304 4598 '
330 4581 581 4653 centumvitales
595 4581 723 4668 causas,
750 4593 785 4656 dc
805 4593 839 4658 in
857 4589 906 4664 hie
931 4595 1089 4688 querelam
1103 4591 1258 4690 inofficiofi
1276 4597 1368 4689 (quo
1385 4591 1514 4664 haecRe
1540 4593 1734 4685 pertineri
1753 4582 1866 4660 diserte
1878 4609 1927 4659 te-

227 4696 231 4704 ’
329 4676 454 4747 stantur
469 4683 589 4752 Cicero
611 4709 641 4772 3.
659 4684 816 4758 Verrina.
834 4695 873 4758 -V
876 4686 915 4758 al.
936 4693 1122 4775 illeximus,
1135 4693 1189 4763 sil.
1201 4719 1236 4780 7.
1251 4718 1321 4794 cap.
1338 4719 1372 4779 7.
1389 4703 1427 4772 (ιγ
1445 4695 1478 4764 8.
1496 4615 1644 4762 Pimtib.
1668 4717 1697 4780 ς.
1711 4713 1760 4790 ep.
1774 4693 1833 4758 ult.
1850 4683 1927 4758 Gel-

327 4771 390 4848 lius
398 4777 453 4851 lib.
475 4787 532 4852 16.
544 4808 575 4852 c.
597 4805 653 4856 to.
669 4783 821 4858 Sectutdo
837 4786 914 4861 hinc
930 4811 1047 4888 patet,
1072 4791 1154 4890 quid
1165 4789 1201 4862 st
1221 4791 1283 4864 hae
1298 4790 1322 4863 l.
1340 4789 1594 4864 alienonomine
1607 4787 1678 4890 lege
1691 4813 1800 4889 agere:
1818 4789 1926 4860 Nem-

1875 4911 2064 4982 pp.
