<?xml version="1.0" encoding="UTF-8"?>
<!DOCTYPE html PUBLIC "-//W3C//DTD XHTML 1.0 Transitional//EN"
    "http://www.w3.org/TR/xhtml1/DTD/xhtml1-transitional.dtd">
<html xmlns="http://www.w3.org/1999/xhtml" xml:lang="en" lang="en">
 <head>
  <title>
</title>
<meta http-equiv="Content-Type" content="text/html;charset=utf-8" />
  <meta name='ocr-system' content='tesseract 3.04.00' />
  <meta name='ocr-capabilities' content='ocr_page ocr_carea ocr_par ocr_line ocrx_word'/>
</head>
<body>
  <div class='ocr_page' id='page_1' title='image "./jacobigothofred00godegoog_0061.png"; bbox 0 0 4724 5930; ppageno 0'>
   <div class='ocr_carea' id='block_1_1' title="bbox 16 659 27 776">
    <p class='ocr_par' dir='ltr' id='par_1_1' title="bbox 16 659 27 822">
     <span class='ocr_line' id='line_1_1' title="bbox 16 659 27 776; baseline 0 10"><span class='ocrx_word' id='word_1_1' title='bbox 16 659 27 776; x_wconf 86' lang='grc' dir='ltr'>ι</span> 
     </span>
    </p>
   </div>
   <div class='ocr_carea' id='block_1_2' title="bbox 484 483 2046 586">
    <p class='ocr_par' dir='ltr' id='par_1_2' title="bbox 484 483 2046 586">
     <span class='ocr_line' id='line_1_2' title="bbox 484 483 2046 586; baseline 0.001 -24"><span class='ocrx_word' id='word_1_2' title='bbox 484 491 544 562; x_wconf 84' lang='lat' dir='ltr'>oi</span> <span class='ocrx_word' id='word_1_3' title='bbox 560 487 694 560; x_wconf 79' lang='lat' dir='ltr'>cius.</span> <span class='ocrx_word' id='word_1_4' title='bbox 709 487 872 560; x_wconf 84' lang='lat' dir='ltr'>oiinii</span> <span class='ocrx_word' id='word_1_5' title='bbox 888 485 1070 560; x_wconf 76' lang='lat' dir='ltr'>minori</span> <span class='ocrx_word' id='word_1_6' title='bbox 1086 487 1147 558; x_wconf 88' lang='lat' dir='ltr'>in.</span> <span class='ocrx_word' id='word_1_7' title='bbox 1162 483 1297 558; x_wconf 83' lang='lat' dir='ltr'>coit.</span> <span class='ocrx_word' id='word_1_8' title='bbox 1315 485 1467 560; x_wconf 82' lang='lat' dir='ltr'>iiiior.</span> <span class='ocrx_word' id='word_1_9' title='bbox 1484 486 1617 558; x_wconf 81' lang='lat' dir='ltr'>arou.</span> <span class='ocrx_word' id='word_1_10' title='bbox 1637 487 1752 563; x_wconf 80' lang='lat' dir='ltr'>rins</span> <span class='ocrx_word' id='word_1_11' title='bbox 1769 495 1794 564; x_wconf 94' lang='grc' dir='ltr'>ι.</span> <span class='ocrx_word' id='word_1_12' title='bbox 1880 517 1935 586; x_wconf 74' lang='lat'>55,</span> <span class='ocrx_word' id='word_1_13' title='bbox 2023 519 2046 562; x_wconf 92' lang='lat'>.-</span> 
     </span>
    </p>
   </div>
   <div class='ocr_carea' id='block_1_3' title="bbox 316 580 2086 793">
    <p class='ocr_par' dir='ltr' id='par_1_3' title="bbox 316 580 2086 793">
     <span class='ocr_line' id='line_1_3' title="bbox 321 580 2083 680; baseline -0.006 -15"><span class='ocrx_word' id='word_1_14' title='bbox 321 590 383 664; x_wconf 70' lang='grc' dir='ltr'>ιιι.</span> <span class='ocrx_word' id='word_1_15' title='bbox 396 587 497 662; x_wconf 72' lang='lat' dir='ltr'>uelut</span> <span class='ocrx_word' id='word_1_16' title='bbox 513 615 549 660; x_wconf 87' lang='lat' dir='ltr'>ex</span> <span class='ocrx_word' id='word_1_17' title='bbox 565 586 683 660; x_wconf 89' lang='lat' dir='ltr'>eodem</span> <span class='ocrx_word' id='word_1_18' title='bbox 698 585 781 658; x_wconf 86' lang='lat' dir='ltr'>libro</span> <span class='ocrx_word' id='word_1_19' title='bbox 799 580 994 680; x_wconf 75' lang='lat' dir='ltr'>desumpta,</span> <span class='ocrx_word' id='word_1_20' title='bbox 1018 584 1051 658; x_wconf 89' lang='lat' dir='ltr'>id</span> <span class='ocrx_word' id='word_1_21' title='bbox 1065 586 1129 668; x_wconf 90' lang='lat' dir='ltr'>est,</span> <span class='ocrx_word' id='word_1_22' title='bbox 1157 587 1281 654; x_wconf 79' lang='lat' dir='ltr'>Praetor</span> <span class='ocrx_word' id='word_1_23' title='bbox 1294 585 1507 678; x_wconf 68' lang='lat' dir='ltr'>deficiantur,</span> <span class='ocrx_word' id='word_1_24' title='bbox 1538 609 1576 656; x_wconf 92' lang='lat' dir='ltr'>ut</span> <span class='ocrx_word' id='word_1_25' title='bbox 1592 584 1653 658; x_wconf 83' lang='lat' dir='ltr'>liae</span> <span class='ocrx_word' id='word_1_26' title='bbox 1668 587 1690 659; x_wconf 91' lang='lat' dir='ltr'>l.</span> <span class='ocrx_word' id='word_1_27' title='bbox 1703 585 1844 662; x_wconf 89' lang='lat' dir='ltr'>dicitur.</span> <span class='ocrx_word' id='word_1_28' title='bbox 1875 596 1927 666; x_wconf 75' lang='lat' dir='ltr'>ve</span> <span class='ocrx_word' id='word_1_29' title='bbox 2021 589 2049 630; x_wconf 70' lang='lat'>³⁸</span> <span class='ocrx_word' id='word_1_30' title='bbox 2066 613 2083 680; x_wconf 53' lang='grc' dir='ltr'><strong>ᾖ</strong></span> 
     </span>
     <span class='ocr_line' id='line_1_4' title="bbox 316 679 2086 793; baseline -0.001 -32"><span class='ocrx_word' id='word_1_31' title='bbox 316 690 461 793; x_wconf 79' lang='lat' dir='ltr'>poffidere</span> <span class='ocrx_word' id='word_1_32' title='bbox 476 687 572 764; x_wconf 83' lang='lat' dir='ltr'>liceat</span> <span class='ocrx_word' id='word_1_33' title='bbox 583 741 605 773; x_wconf 89' lang='lat'>,.</span> <span class='ocrx_word' id='word_1_34' title='bbox 619 688 653 760; x_wconf 92' lang='lat' dir='ltr'>id</span> <span class='ocrx_word' id='word_1_35' title='bbox 668 689 712 760; x_wconf 87' lang='lat' dir='ltr'>est</span> <span class='ocrx_word' id='word_1_36' title='bbox 728 711 765 760; x_wconf 89' lang='lat' dir='ltr'>ut</span> <span class='ocrx_word' id='word_1_37' title='bbox 778 681 888 759; x_wconf 78' lang='lat' dir='ltr'>missus</span> <span class='ocrx_word' id='word_1_38' title='bbox 900 691 968 780; x_wconf 81' lang='lat' dir='ltr'>jam</span> <span class='ocrx_word' id='word_1_39' title='bbox 980 688 1014 756; x_wconf 88' lang='lat' dir='ltr'>in</span> <span class='ocrx_word' id='word_1_40' title='bbox 1030 679 1277 782; x_wconf 65' lang='lat' dir='ltr'>polsessioueni,</span> <span class='ocrx_word' id='word_1_41' title='bbox 1299 687 1398 756; x_wconf 86' lang='lat' dir='ltr'>etiam</span> <span class='ocrx_word' id='word_1_42' title='bbox 1410 709 1483 756; x_wconf 87' lang='lat' dir='ltr'>eam</span> <span class='ocrx_word' id='word_1_43' title='bbox 1494 709 1552 780; x_wconf 88' lang='lat' dir='ltr'>per</span> <span class='ocrx_word' id='word_1_44' title='bbox 1565 682 1658 786; x_wconf 84' lang='lat' dir='ltr'>longi</span> <span class='ocrx_word' id='word_1_45' title='bbox 1674 692 1843 784; x_wconf 85' lang='lat' dir='ltr'>temporis.</span> <span class='ocrx_word' id='word_1_46' title='bbox 1855 686 1926 788; x_wconf 84' lang='lat' dir='ltr'>spa.</span> <span class='ocrx_word' id='word_1_47' title='bbox 2004 719 2010 732; x_wconf 94' lang='lat'><strong>·</strong></span> <span class='ocrx_word' id='word_1_48' title='bbox 2076 727 2086 742; x_wconf 88' lang='lat'><strong>·</strong></span> 
     </span>
    </p>
   </div>
   <div class='ocr_carea' id='block_1_4' title="bbox 319 781 1928 1393">
    <p class='ocr_par' dir='ltr' id='par_1_4' title="bbox 319 781 1928 1393">
     <span class='ocr_line' id='line_1_5' title="bbox 321 781 1927 888; baseline 0.003 -28"><span class='ocrx_word' id='word_1_49' title='bbox 321 793 405 862; x_wconf 89' lang='lat' dir='ltr'>tium</span> <span class='ocrx_word' id='word_1_50' title='bbox 421 784 561 862; x_wconf 86' lang='lat' dir='ltr'>suumin</span> <span class='ocrx_word' id='word_1_51' title='bbox 576 789 765 875; x_wconf 85' lang='lat' dir='ltr'>dominium</span> <span class='ocrx_word' id='word_1_52' title='bbox 778 811 892 882; x_wconf 81' lang='lat' dir='ltr'>capere</span> <span class='ocrx_word' id='word_1_53' title='bbox 906 781 1023 880; x_wconf 83' lang='lat' dir='ltr'>poffir.</span> <span class='ocrx_word' id='word_1_54' title='bbox 1048 788 1200 880; x_wconf 86' lang='lat' dir='ltr'>Nempe,</span> <span class='ocrx_word' id='word_1_55' title='bbox 1227 784 1307 882; x_wconf 83' lang='lat' dir='ltr'>quia</span> <span class='ocrx_word' id='word_1_56' title='bbox 1330 781 1391 856; x_wconf 84' lang='lat' dir='ltr'>liac</span> <span class='ocrx_word' id='word_1_57' title='bbox 1419 787 1508 870; x_wconf 70' lang='lat' dir='ltr'>inre</span> <span class='ocrx_word' id='word_1_58' title='bbox 1535 785 1629 874; x_wconf 77' lang='lat' dir='ltr'>cansa</span> <span class='ocrx_word' id='word_1_59' title='bbox 1642 788 1780 888; x_wconf 81' lang='lat' dir='ltr'>cogitirii</span> <span class='ocrx_word' id='word_1_60' title='bbox 1795 790 1862 884; x_wconf 80' lang='lat' dir='ltr'>est,</span> <span class='ocrx_word' id='word_1_61' title='bbox 1889 791 1927 866; x_wconf 90' lang='lat' dir='ltr'>id</span> 
     </span>
     <span class='ocr_line' id='line_1_6' title="bbox 321 883 1927 982; baseline 0.002 -21"><span class='ocrx_word' id='word_1_62' title='bbox 321 890 387 974; x_wconf 85' lang='lat' dir='ltr'>eli,</span> <span class='ocrx_word' id='word_1_63' title='bbox 415 909 603 962; x_wconf 83' lang='lat' dir='ltr'>rermatute</span> <span class='ocrx_word' id='word_1_64' title='bbox 617 885 952 982; x_wconf 61' lang='lat' dir='ltr'>expendendam,</span> <span class='ocrx_word' id='word_1_65' title='bbox 979 909 1079 982; x_wconf 86' lang='lat' dir='ltr'>arque</span> <span class='ocrx_word' id='word_1_66' title='bbox 1107 884 1189 956; x_wconf 88' lang='lat' dir='ltr'>adeo</span> <span class='ocrx_word' id='word_1_67' title='bbox 1209 909 1341 956; x_wconf 86' lang='lat' dir='ltr'>moram</span> <span class='ocrx_word' id='word_1_68' title='bbox 1365 883 1569 980; x_wconf 83' lang='lat' dir='ltr'>requirit&#39;,·l.</span> <span class='ocrx_word' id='word_1_69' title='bbox 1597 915 1632 978; x_wconf 88' lang='lat'>4.</span> <span class='ocrx_word' id='word_1_70' title='bbox 1651 889 1802 973; x_wconf 63' lang='lat' dir='ltr'>ideas,</span> <span class='ocrx_word' id='word_1_71' title='bbox 1831 902 1875 966; x_wconf 91' lang='lat' dir='ltr'>D.</span> <span class='ocrx_word' id='word_1_72' title='bbox 1888 894 1927 965; x_wconf 82' lang='lat' dir='ltr'>dr</span> 
     </span>
     <span class='ocr_line' id='line_1_7' title="bbox 319 979 1928 1084; baseline 0.004 -24"><span class='ocrx_word' id='word_1_73' title='bbox 319 990 434 1062; x_wconf 82' lang='lat' dir='ltr'>damno</span> <span class='ocrx_word' id='word_1_74' title='bbox 448 989 509 1084; x_wconf 86' lang='lat' dir='ltr'>inf.</span> <span class='ocrx_word' id='word_1_75' title='bbox 524 998 636 1078; x_wconf 85' lang='lat' dir='ltr'>Quare</span> <span class='ocrx_word' id='word_1_76' title='bbox 649 981 715 1083; x_wconf 87' lang='lat' dir='ltr'>ipse</span> <span class='ocrx_word' id='word_1_77' title='bbox 731 993 853 1058; x_wconf 83' lang='lat' dir='ltr'>Praetor</span> <span class='ocrx_word' id='word_1_78' title='bbox 868 1012 908 1057; x_wconf 92' lang='grc' dir='ltr'>ιο</span> <span class='ocrx_word' id='word_1_79' title='bbox 925 988 1061 1056; x_wconf 88' lang='lat' dir='ltr'>nomine</span> <span class='ocrx_word' id='word_1_80' title='bbox 1077 983 1246 1056; x_wconf 86' lang='lat' dir='ltr'>adeundus</span> <span class='ocrx_word' id='word_1_81' title='bbox 1258 982 1323 1070; x_wconf 87' lang='lat' dir='ltr'>est,</span> <span class='ocrx_word' id='word_1_82' title='bbox 1349 985 1451 1080; x_wconf 90' lang='lat' dir='ltr'>idque</span> <span class='ocrx_word' id='word_1_83' title='bbox 1464 979 1689 1062; x_wconf 72' lang='lat' dir='ltr'>iurisdiiiioni</span> <span class='ocrx_word' id='word_1_84' title='bbox 1703 983 1765 1061; x_wconf 83' lang='lat' dir='ltr'>suae</span> <span class='ocrx_word' id='word_1_85' title='bbox 1787 983 1928 1066; x_wconf 80' lang='lat' dir='ltr'>reserva·</span> 
     </span>
     <span class='ocr_line' id='line_1_8' title="bbox 320 1082 1926 1180; baseline 0.004 -20"><span class='ocrx_word' id='word_1_86' title='bbox 320 1091 392 1175; x_wconf 90' lang='lat' dir='ltr'>vit,</span> <span class='ocrx_word' id='word_1_87' title='bbox 417 1091 450 1160; x_wconf 84' lang='lat' dir='ltr'>d.</span> <span class='ocrx_word' id='word_1_88' title='bbox 467 1095 489 1160; x_wconf 87' lang='lat' dir='ltr'>l.</span> <span class='ocrx_word' id='word_1_89' title='bbox 509 1121 543 1180; x_wconf 87' lang='lat'>4.</span> <span class='ocrx_word' id='word_1_90' title='bbox 560 1083 596 1164; x_wconf 72' lang='lat' dir='ltr'>§s</span> <span class='ocrx_word' id='word_1_91' title='bbox 605 1090 705 1159; x_wconf 77' lang='lat' dir='ltr'>duas.</span> <span class='ocrx_word' id='word_1_92' title='bbox 733 1093 782 1158; x_wconf 90' lang='lat' dir='ltr'>lta</span> <span class='ocrx_word' id='word_1_93' title='bbox 807 1109 936 1170; x_wconf 89' lang='lat' dir='ltr'>tamen,</span> <span class='ocrx_word' id='word_1_94' title='bbox 963 1107 1035 1156; x_wconf 87' lang='lat' dir='ltr'>uta</span> <span class='ocrx_word' id='word_1_95' title='bbox 1056 1088 1197 1156; x_wconf 83' lang='lat' dir='ltr'>l’rtrtore</span> <span class='ocrx_word' id='word_1_96' title='bbox 1221 1082 1397 1156; x_wconf 75' lang='lat' dir='ltr'>desderata</span> <span class='ocrx_word' id='word_1_97' title='bbox 1421 1083 1473 1156; x_wconf 85' lang='lat' dir='ltr'>alii</span> <span class='ocrx_word' id='word_1_98' title='bbox 1498 1084 1713 1159; x_wconf 84' lang='lat' dir='ltr'>nihilominus</span> <span class='ocrx_word' id='word_1_99' title='bbox 1737 1087 1926 1166; x_wconf 89' lang='lat' dir='ltr'>demandari</span> 
     </span>
     <span class='ocr_line' id='line_1_9' title="bbox 321 1183 1926 1289; baseline 0.002 -29"><span class='ocrx_word' id='word_1_100' title='bbox 321 1192 470 1289; x_wconf 84' lang='lat' dir='ltr'>cognitio</span> <span class='ocrx_word' id='word_1_101' title='bbox 482 1189 548 1262; x_wconf 73' lang='lat' dir='ltr'>hoc</span> <span class='ocrx_word' id='word_1_102' title='bbox 564 1185 605 1258; x_wconf 90' lang='lat' dir='ltr'>ab</span> <span class='ocrx_word' id='word_1_103' title='bbox 619 1215 660 1260; x_wconf 93' lang='lat' dir='ltr'>eo</span> <span class='ocrx_word' id='word_1_104' title='bbox 672 1185 789 1284; x_wconf 78' lang='lat' dir='ltr'>possit:</span> <span class='ocrx_word' id='word_1_105' title='bbox 816 1185 911 1281; x_wconf 92' lang='lat' dir='ltr'>quod</span> <span class='ocrx_word' id='word_1_106' title='bbox 940 1185 1138 1256; x_wconf 85' lang='lat' dir='ltr'>nominarim</span> <span class='ocrx_word' id='word_1_107' title='bbox 1160 1183 1332 1280; x_wconf 87' lang='lat' dir='ltr'>proditum</span> <span class='ocrx_word' id='word_1_108' title='bbox 1352 1208 1436 1258; x_wconf 80' lang='lat' dir='ltr'>extat</span> <span class='ocrx_word' id='word_1_109' title='bbox 1459 1187 1482 1256; x_wconf 84' lang='lat' dir='ltr'>l.</span> <span class='ocrx_word' id='word_1_110' title='bbox 1509 1213 1544 1276; x_wconf 83' lang='lat'>4.</span> <span class='ocrx_word' id='word_1_111' title='bbox 1561 1195 1607 1260; x_wconf 92' lang='lat' dir='ltr'>D.</span> <span class='ocrx_word' id='word_1_112' title='bbox 1630 1191 1668 1258; x_wconf 85' lang='lat' dir='ltr'>de</span> <span class='ocrx_word' id='word_1_113' title='bbox 1685 1190 1762 1284; x_wconf 77' lang='lat' dir='ltr'>offic.</span> <span class='ocrx_word' id='word_1_114' title='bbox 1789 1194 1857 1281; x_wconf 78' lang='lat' dir='ltr'>ejus</span> <span class='ocrx_word' id='word_1_115' title='bbox 1870 1192 1926 1264; x_wconf 80' lang='lat' dir='ltr'>cui</span> 
     </span>
     <span class='ocr_line' id='line_1_10' title="bbox 319 1279 1925 1393; baseline -0.004 -35"><span class='ocrx_word' id='word_1_116' title='bbox 319 1291 426 1360; x_wconf 81' lang='lat' dir='ltr'>mand.</span> <span class='ocrx_word' id='word_1_117' title='bbox 444 1287 498 1360; x_wconf 80' lang='lat' dir='ltr'>Ad</span> <span class='ocrx_word' id='word_1_118' title='bbox 514 1286 656 1359; x_wconf 88' lang='lat' dir='ltr'>eundern</span> <span class='ocrx_word' id='word_1_119' title='bbox 676 1285 748 1358; x_wconf 88' lang='lat' dir='ltr'>sane</span> <span class='ocrx_word' id='word_1_120' title='bbox 764 1283 905 1357; x_wconf 89' lang='lat' dir='ltr'>modurn</span> <span class='ocrx_word' id='word_1_121' title='bbox 921 1279 1054 1379; x_wconf 74' lang='lat' dir='ltr'>suspeui</span> <span class='ocrx_word' id='word_1_122' title='bbox 1072 1289 1191 1356; x_wconf 86' lang='lat' dir='ltr'>tutoris</span> <span class='ocrx_word' id='word_1_123' title='bbox 1207 1286 1348 1356; x_wconf 88' lang='lat' dir='ltr'>remotio</span> <span class='ocrx_word' id='word_1_124' title='bbox 1363 1279 1600 1385; x_wconf 83' lang='lat' dir='ltr'>cognitacausa</span> <span class='ocrx_word' id='word_1_125' title='bbox 1614 1283 1704 1366; x_wconf 72' lang='lat' dir='ltr'>fied.</span> <span class='ocrx_word' id='word_1_126' title='bbox 1726 1313 1756 1360; x_wconf 93' lang='lat' dir='ltr'>i.</span> <span class='ocrx_word' id='word_1_127' title='bbox 1775 1292 1804 1366; x_wconf 68' lang='grc' dir='ltr'>ι.</span> <span class='ocrx_word' id='word_1_128' title='bbox 1815 1291 1925 1393; x_wconf 65' lang='lat' dir='ltr'>[aspi.</span> 
     </span>
    </p>
   </div>
   <div class='ocr_carea' id='block_1_5' title="bbox 177 1381 1998 1554">
    <p class='ocr_par' dir='ltr' id='par_1_5' title="bbox 177 1381 1998 1554">
     <span class='ocr_line' id='line_1_11' title="bbox 177 1381 1998 1554; baseline 0.003 -97"><span class='ocrx_word' id='word_1_129' title='bbox 177 1395 189 1410; x_wconf 77' lang='grc'><strong>“</strong></span> <span class='ocrx_word' id='word_1_130' title='bbox 320 1388 384 1472; x_wconf 77' lang='lat' dir='ltr'>ui,</span> <span class='ocrx_word' id='word_1_131' title='bbox 413 1397 458 1462; x_wconf 90' lang='lat' dir='ltr'>D.</span> <span class='ocrx_word' id='word_1_132' title='bbox 474 1387 519 1458; x_wconf 80' lang='lat' dir='ltr'>ad</span> <span class='ocrx_word' id='word_1_133' title='bbox 533 1388 672 1490; x_wconf 80' lang='lat' dir='ltr'>Turpill.</span> <span class='ocrx_word' id='word_1_134' title='bbox 688 1391 723 1458; x_wconf 76' lang='grc' dir='ltr'>δι</span> <span class='ocrx_word' id='word_1_135' title='bbox 740 1407 848 1456; x_wconf 87' lang='lat' dir='ltr'>tamen</span> <span class='ocrx_word' id='word_1_136' title='bbox 866 1384 1013 1458; x_wconf 86' lang='lat' dir='ltr'>mandari</span> <span class='ocrx_word' id='word_1_137' title='bbox 1027 1411 1062 1456; x_wconf 76' lang='lat' dir='ltr'>oa</span> <span class='ocrx_word' id='word_1_138' title='bbox 1064 1385 1206 1554; x_wconf 60' lang='lat' dir='ltr'>potest,</span> <span class='ocrx_word' id='word_1_139' title='bbox 1230 1387 1253 1456; x_wconf 85' lang='lat' dir='ltr'>l.</span> <span class='ocrx_word' id='word_1_140' title='bbox 1270 1381 1407 1484; x_wconf 82' lang='lat' dir='ltr'>cognitio</span> <span class='ocrx_word' id='word_1_141' title='bbox 1422 1413 1458 1474; x_wconf 84' lang='lat'>4.</span> <span class='ocrx_word' id='word_1_142' title='bbox 1472 1383 1509 1456; x_wconf 89' lang='lat' dir='ltr'>iri</span> <span class='ocrx_word' id='word_1_143' title='bbox 1518 1407 1568 1485; x_wconf 79' lang='lat' dir='ltr'>pr.</span> <span class='ocrx_word' id='word_1_144' title='bbox 1590 1387 1854 1483; x_wconf 68' lang='lat' dir='ltr'>D.deoffic.ejus</span> <span class='ocrx_word' id='word_1_145' title='bbox 1870 1389 1928 1464; x_wconf 81' lang='lat' dir='ltr'>cui</span> <span class='ocrx_word' id='word_1_146' title='bbox 1992 1409 1998 1418; x_wconf 89' lang='lat'>&#39;</span> 
     </span>
    </p>
   </div>
   <div class='ocr_carea' id='block_1_6' title="bbox 318 1479 1952 1882">
    <p class='ocr_par' dir='ltr' id='par_1_6' title="bbox 318 1479 1926 1688">
     <span class='ocr_line' id='line_1_12' title="bbox 318 1479 1926 1586; baseline -0.004 -30"><span class='ocrx_word' id='word_1_147' title='bbox 318 1489 426 1560; x_wconf 81' lang='lat' dir='ltr'>mand.</span> <span class='ocrx_word' id='word_1_148' title='bbox 444 1495 527 1559; x_wconf 88' lang='lat' dir='ltr'>Item</span> <span class='ocrx_word' id='word_1_149' title='bbox 542 1487 700 1558; x_wconf 86' lang='lat' dir='ltr'>restitutio</span> <span class='ocrx_word' id='word_1_150' title='bbox 716 1489 853 1582; x_wconf 84' lang='lat' dir='ltr'>requirit</span> <span class='ocrx_word' id='word_1_151' title='bbox 869 1491 902 1556; x_wconf 79' lang='grc' dir='ltr'>δι</span> <span class='ocrx_word' id='word_1_152' title='bbox 920 1479 986 1580; x_wconf 90' lang='lat' dir='ltr'>ipsa</span> <span class='ocrx_word' id='word_1_153' title='bbox 1000 1511 1060 1557; x_wconf 88' lang='lat' dir='ltr'>caii</span> <span class='ocrx_word' id='word_1_154' title='bbox 1077 1510 1101 1552; x_wconf 86' lang='lat' dir='ltr'>ae</span> <span class='ocrx_word' id='word_1_155' title='bbox 1118 1487 1344 1586; x_wconf 82' lang='lat' dir='ltr'>cognitionem</span> <span class='ocrx_word' id='word_1_156' title='bbox 1358 1531 1367 1562; x_wconf 58' lang='grc' dir='ltr'>ι</span> <span class='ocrx_word' id='word_1_157' title='bbox 1379 1489 1402 1556; x_wconf 87' lang='lat' dir='ltr'>l.</span> <span class='ocrx_word' id='word_1_158' title='bbox 1425 1513 1455 1577; x_wconf 80' lang='lat'>3.</span> <span class='ocrx_word' id='word_1_159' title='bbox 1474 1485 1512 1554; x_wconf 81' lang='lat' dir='ltr'>de</span> <span class='ocrx_word' id='word_1_160' title='bbox 1523 1483 1558 1554; x_wconf 85' lang='lat' dir='ltr'>in</span> <span class='ocrx_word' id='word_1_161' title='bbox 1574 1483 1689 1586; x_wconf 82' lang='lat' dir='ltr'><em>integr.</em></span> <span class='ocrx_word' id='word_1_162' title='bbox 1704 1487 1801 1580; x_wconf 80' lang='lat' dir='ltr'>restit.</span> <span class='ocrx_word' id='word_1_163' title='bbox 1818 1497 1853 1560; x_wconf 89' lang='lat'>&amp;</span> <span class='ocrx_word' id='word_1_164' title='bbox 1875 1511 1926 1561; x_wconf 87' lang='lat' dir='ltr'>ta.</span> 
     </span>
     <span class='ocr_line' id='line_1_13' title="bbox 319 1583 1774 1688; baseline 0.001 -30"><span class='ocrx_word' id='word_1_165' title='bbox 319 1611 396 1660; x_wconf 85' lang='lat' dir='ltr'>rnen</span> <span class='ocrx_word' id='word_1_166' title='bbox 410 1586 559 1658; x_wconf 87' lang='lat' dir='ltr'>mandari</span> <span class='ocrx_word' id='word_1_167' title='bbox 573 1593 609 1658; x_wconf 80' lang='lat' dir='ltr'>dc</span> <span class='ocrx_word' id='word_1_168' title='bbox 623 1587 703 1658; x_wconf 89' lang='lat' dir='ltr'>olim</span> <span class='ocrx_word' id='word_1_169' title='bbox 719 1609 871 1680; x_wconf 88' lang='lat' dir='ltr'>poterat,</span> <span class='ocrx_word' id='word_1_170' title='bbox 895 1593 931 1656; x_wconf 87' lang='lat'>.&amp;</span> <span class='ocrx_word' id='word_1_171' title='bbox 948 1583 1048 1658; x_wconf 83' lang='lat' dir='ltr'>hodie</span> <span class='ocrx_word' id='word_1_172' title='bbox 1065 1585 1195 1680; x_wconf 79' lang='lat' dir='ltr'>potest,</span> <span class='ocrx_word' id='word_1_173' title='bbox 1222 1590 1244 1656; x_wconf 90' lang='lat' dir='ltr'>l.</span> <span class='ocrx_word' id='word_1_174' title='bbox 1261 1591 1321 1658; x_wconf 78' lang='lat' dir='ltr'>ult.</span> <span class='ocrx_word' id='word_1_175' title='bbox 1337 1586 1412 1660; x_wconf 80' lang='lat' dir='ltr'>Caii.</span> <span class='ocrx_word' id='word_1_176' title='bbox 1427 1583 1483 1656; x_wconf 78' lang='lat' dir='ltr'>ubi</span> <span class='ocrx_word' id='word_1_177' title='bbox 1500 1595 1539 1666; x_wconf 63' lang='lat' dir='ltr'>ei*</span> <span class='ocrx_word' id='word_1_178' title='bbox 1550 1587 1638 1688; x_wconf 80' lang='lat' dir='ltr'>apud</span> <span class='ocrx_word' id='word_1_179' title='bbox 1652 1613 1746 1682; x_wconf 77' lang='lat' dir='ltr'>quam</span> <span class='ocrx_word' id='word_1_180' title='bbox 1766 1641 1774 1659; x_wconf 90' lang='lat'><strong>.</strong></span> 
     </span>
    </p>

    <p class='ocr_par' dir='ltr' id='par_1_7' title="bbox 318 1679 1952 1882">
     <span class='ocr_line' id='line_1_14' title="bbox 367 1679 1952 1780; baseline 0 -21"><span class='ocrx_word' id='word_1_181' title='bbox 367 1693 411 1759; x_wconf 70' lang='lat' dir='ltr'>Ei</span> <span class='ocrx_word' id='word_1_182' title='bbox 427 1687 552 1777; x_wconf 84' lang='lat' dir='ltr'>hisjam</span> <span class='ocrx_word' id='word_1_183' title='bbox 567 1710 674 1780; x_wconf 85' lang='lat' dir='ltr'>parer:</span> <span class='ocrx_word' id='word_1_184' title='bbox 702 1688 813 1758; x_wconf 81' lang='lat' dir='ltr'>Primo</span> <span class='ocrx_word' id='word_1_185' title='bbox 830 1709 1000 1780; x_wconf 84' lang='lat' dir='ltr'>perperam</span> <span class='ocrx_word' id='word_1_186' title='bbox 1015 1689 1156 1756; x_wconf 86' lang='lat' dir='ltr'>omnino</span> <span class='ocrx_word' id='word_1_187' title='bbox 1172 1684 1255 1756; x_wconf 88' lang='lat' dir='ltr'>lianc</span> <span class='ocrx_word' id='word_1_188' title='bbox 1268 1684 1289 1756; x_wconf 89' lang='lat' dir='ltr'>l.</span> <span class='ocrx_word' id='word_1_189' title='bbox 1308 1679 1451 1756; x_wconf 65' lang='lat' dir='ltr'>referri&#39;a</span> <span class='ocrx_word' id='word_1_190' title='bbox 1472 1683 1640 1760; x_wconf 85' lang='lat' dir='ltr'>nonnullis</span> <span class='ocrx_word' id='word_1_191' title='bbox 1663 1683 1703 1756; x_wconf 91' lang='lat' dir='ltr'>ad</span> <span class='ocrx_word' id='word_1_192' title='bbox 1731 1695 1777 1759; x_wconf 81' lang='lat' dir='ltr'>Le</span> <span class='ocrx_word' id='word_1_193' title='bbox 1802 1685 1926 1760; x_wconf 79' lang='lat' dir='ltr'>irimaeni</span> <span class='ocrx_word' id='word_1_194' title='bbox 1946 1686 1952 1694; x_wconf 80' lang='grc'>’</span> 
     </span>
     <span class='ocr_line' id='line_1_15' title="bbox 318 1715 1939 1882; baseline 0.002 -26"><span class='ocrx_word' id='word_1_195' title='bbox 318 1786 604 1877; x_wconf 65' lang='grc' dir='ltr'>1ηνιιᾶιὶιὶοηιιιι.</span> <span class='ocrx_word' id='word_1_196' title='bbox 626 1784 661 1858; x_wconf 86' lang='lat' dir='ltr'>id</span> <span class='ocrx_word' id='word_1_197' title='bbox 672 1785 739 1870; x_wconf 85' lang='lat' dir='ltr'>est,</span> <span class='ocrx_word' id='word_1_198' title='bbox 763 1783 805 1858; x_wconf 80' lang='lat' dir='ltr'>ad</span> <span class='ocrx_word' id='word_1_199' title='bbox 818 1810 911 1862; x_wconf 67' lang='lat' dir='ltr'>eam,</span> <span class='ocrx_word' id='word_1_200' title='bbox 938 1791 1030 1875; x_wconf 77' lang='lat' dir='ltr'>cuius</span> <span class='ocrx_word' id='word_1_201' title='bbox 1061 1787 1215 1882; x_wconf 77' lang='lat' dir='ltr'>cognitio</span> <span class='ocrx_word' id='word_1_202' title='bbox 1236 1779 1408 1878; x_wconf 65' lang='lat' dir='ltr'>‘speciatim</span> <span class='ocrx_word' id='word_1_203' title='bbox 1427 1783 1497 1882; x_wconf 84' lang='lat' dir='ltr'>lege</span> <span class='ocrx_word' id='word_1_204' title='bbox 1509 1783 1619 1856; x_wconf 58' lang='lat' dir='ltr'>“dirui</span> <span class='ocrx_word' id='word_1_205' title='bbox 1642 1715 1939 1877; x_wconf 60' lang='lat' dir='ltr'>merolianus</span> 
     </span>
    </p>
   </div>
   <div class='ocr_carea' id='block_1_7' title="bbox 188 1879 1993 1984">
    <p class='ocr_par' dir='ltr' id='par_1_8' title="bbox 188 1879 1993 1984">
     <span class='ocr_line' id='line_1_16' title="bbox 188 1879 1993 1984; baseline 0.002 -28"><span class='ocrx_word' id='word_1_206' title='bbox 188 1949 193 1956; x_wconf 93' lang='lat'>.</span> <span class='ocrx_word' id='word_1_207' title='bbox 317 1885 463 1982; x_wconf 79' lang='lat' dir='ltr'>exempla</span> <span class='ocrx_word' id='word_1_208' title='bbox 475 1885 599 1981; x_wconf 86' lang='lat' dir='ltr'>prolixe</span> <span class='ocrx_word' id='word_1_209' title='bbox 613 1883 653 1956; x_wconf 91' lang='lat' dir='ltr'>ad</span> <span class='ocrx_word' id='word_1_210' title='bbox 669 1887 751 1964; x_wconf 87' lang='lat' dir='ltr'>banc</span> <span class='ocrx_word' id='word_1_211' title='bbox 766 1884 789 1956; x_wconf 94' lang='lat' dir='ltr'>l.</span> <span class='ocrx_word' id='word_1_212' title='bbox 805 1881 997 1956; x_wconf 87' lang='lat' dir='ltr'>cumulant:</span> <span class='ocrx_word' id='word_1_213' title='bbox 1024 1883 1114 1977; x_wconf 87' lang='lat' dir='ltr'>quali</span> <span class='ocrx_word' id='word_1_214' title='bbox 1129 1883 1182 1954; x_wconf 85' lang='lat' dir='ltr'>liic</span> <span class='ocrx_word' id='word_1_215' title='bbox 1197 1881 1295 1973; x_wconf 75' lang='lat' dir='ltr'>hujus</span> <span class='ocrx_word' id='word_1_216' title='bbox 1309 1887 1396 1981; x_wconf 85' lang='lat' dir='ltr'>Reg.</span> <span class='ocrx_word' id='word_1_217' title='bbox 1410 1879 1518 1956; x_wconf 86' lang='lat' dir='ltr'>sensus</span> <span class='ocrx_word' id='word_1_218' title='bbox 1531 1881 1582 1967; x_wconf 88' lang='lat' dir='ltr'>sit,</span> <span class='ocrx_word' id='word_1_219' title='bbox 1592 1909 1629 1954; x_wconf 92' lang='lat' dir='ltr'>ea</span> <span class='ocrx_word' id='word_1_220' title='bbox 1643 1909 1718 1980; x_wconf 85' lang='lat' dir='ltr'>quae</span> <span class='ocrx_word' id='word_1_221' title='bbox 1741 1888 1930 1984; x_wconf 82' lang='lat' dir='ltr'>cognitioni</span> <span class='ocrx_word' id='word_1_222' title='bbox 1989 1889 1993 1897; x_wconf 75' lang='grc'><strong>”</strong></span> 
     </span>
    </p>
   </div>
   <div class='ocr_carea' id='block_1_8' title="bbox 314 1977 1935 2582">
    <p class='ocr_par' dir='ltr' id='par_1_9' title="bbox 314 1977 1935 2582">
     <span class='ocr_line' id='line_1_17' title="bbox 315 1977 1929 2084; baseline 0.002 -30"><span class='ocrx_word' id='word_1_223' title='bbox 315 1985 526 2084; x_wconf 78' lang='lat' dir='ltr'>Magistratus</span> <span class='ocrx_word' id='word_1_224' title='bbox 543 1979 717 2080; x_wconf 85' lang='lat' dir='ltr'>specialiter</span> <span class='ocrx_word' id='word_1_225' title='bbox 732 1983 802 2080; x_wconf 80' lang='lat' dir='ltr'>lege</span> <span class='ocrx_word' id='word_1_226' title='bbox 817 1982 938 2056; x_wconf 85' lang='lat' dir='ltr'>tributa</span> <span class='ocrx_word' id='word_1_227' title='bbox 956 1977 1057 2061; x_wconf 75' lang='lat' dir='ltr'>sunt,</span> <span class='ocrx_word' id='word_1_228' title='bbox 1082 1987 1124 2053; x_wconf 87' lang='lat' dir='ltr'>ab</span> <span class='ocrx_word' id='word_1_229' title='bbox 1145 2008 1186 2054; x_wconf 89' lang='lat' dir='ltr'>eo</span> <span class='ocrx_word' id='word_1_230' title='bbox 1213 1979 1403 2054; x_wconf 84' lang='lat' dir='ltr'>demandari</span> <span class='ocrx_word' id='word_1_231' title='bbox 1427 2009 1496 2055; x_wconf 91' lang='lat' dir='ltr'>non</span> <span class='ocrx_word' id='word_1_232' title='bbox 1521 1979 1630 2078; x_wconf 72' lang='lat' dir='ltr'>poll&#39;e:</span> <span class='ocrx_word' id='word_1_233' title='bbox 1656 1987 1849 2077; x_wconf 73' lang='lat' dir='ltr'>Perpetuo,</span> <span class='ocrx_word' id='word_1_234' title='bbox 1876 1987 1929 2057; x_wconf 85' lang='lat' dir='ltr'>iii-</span> 
     </span>
     <span class='ocr_line' id='line_1_18' title="bbox 317 2075 1926 2184; baseline 0.002 -32"><span class='ocrx_word' id='word_1_235' title='bbox 317 2107 441 2178; x_wconf 86' lang='lat' dir='ltr'>quam,</span> <span class='ocrx_word' id='word_1_236' title='bbox 468 2085 564 2174; x_wconf 65' lang='lat' dir='ltr'>carisa</span> <span class='ocrx_word' id='word_1_237' title='bbox 577 2088 666 2154; x_wconf 88' lang='lat' dir='ltr'>enirn</span> <span class='ocrx_word' id='word_1_238' title='bbox 679 2082 817 2182; x_wconf 76' lang='lat' dir='ltr'>cognitio</span> <span class='ocrx_word' id='word_1_239' title='bbox 833 2088 866 2154; x_wconf 92' lang='lat' dir='ltr'>in</span> <span class='ocrx_word' id='word_1_240' title='bbox 881 2081 942 2154; x_wconf 86' lang='lat' dir='ltr'>liar</span> <span class='ocrx_word' id='word_1_241' title='bbox 955 2078 978 2154; x_wconf 91' lang='lat' dir='ltr'>l.</span> <span class='ocrx_word' id='word_1_242' title='bbox 995 2089 1029 2152; x_wconf 79' lang='lat' dir='ltr'>dr</span> <span class='ocrx_word' id='word_1_243' title='bbox 1044 2087 1066 2153; x_wconf 84' lang='lat' dir='ltr'>l.</span> <span class='ocrx_word' id='word_1_244' title='bbox 1079 2109 1137 2169; x_wconf 84' lang='lat'>71.</span> <span class='ocrx_word' id='word_1_245' title='bbox 1151 2082 1230 2184; x_wconf 77' lang='lat' dir='ltr'>sup.</span> <span class='ocrx_word' id='word_1_246' title='bbox 1260 2079 1383 2154; x_wconf 78' lang='lat' dir='ltr'>indicit</span> <span class='ocrx_word' id='word_1_247' title='bbox 1401 2109 1491 2166; x_wconf 86' lang='lat' dir='ltr'>rem,</span> <span class='ocrx_word' id='word_1_248' title='bbox 1518 2107 1587 2152; x_wconf 90' lang='lat' dir='ltr'>non</span> <span class='ocrx_word' id='word_1_249' title='bbox 1614 2082 1766 2182; x_wconf 75' lang='lat' dir='ltr'>legitimae</span> <span class='ocrx_word' id='word_1_250' title='bbox 1790 2075 1926 2159; x_wconf 90' lang='lat' dir='ltr'>Jurisdi·</span> 
     </span>
     <span class='ocr_line' id='line_1_19' title="bbox 317 2177 1932 2282; baseline 0 -30"><span class='ocrx_word' id='word_1_251' title='bbox 317 2183 436 2252; x_wconf 71' lang='lat' dir='ltr'>&amp;ionis</span> <span class='ocrx_word' id='word_1_252' title='bbox 453 2177 506 2256; x_wconf 89' lang='lat' dir='ltr'>seu</span> <span class='ocrx_word' id='word_1_253' title='bbox 522 2182 623 2282; x_wconf 84' lang='lat' dir='ltr'>alege</span> <span class='ocrx_word' id='word_1_254' title='bbox 639 2177 813 2276; x_wconf 78' lang='lat' dir='ltr'>specialiter</span> <span class='ocrx_word' id='word_1_255' title='bbox 826 2179 935 2254; x_wconf 80' lang='lat' dir='ltr'>diram</span> <span class='ocrx_word' id='word_1_256' title='bbox 951 2179 1162 2264; x_wconf 86' lang='lat' dir='ltr'>mandatam,</span> <span class='ocrx_word' id='word_1_257' title='bbox 1190 2206 1305 2250; x_wconf 87' lang='lat' dir='ltr'>verum</span> <span class='ocrx_word' id='word_1_258' title='bbox 1320 2204 1391 2252; x_wconf 82' lang='lat' dir='ltr'>earn</span> <span class='ocrx_word' id='word_1_259' title='bbox 1408 2207 1483 2276; x_wconf 75' lang='lat' dir='ltr'>qua:</span> <span class='ocrx_word' id='word_1_260' title='bbox 1496 2189 1531 2253; x_wconf 72' lang='lat' dir='ltr'>dt</span> <span class='ocrx_word' id='word_1_261' title='bbox 1548 2205 1676 2252; x_wconf 84' lang='lat' dir='ltr'>moram</span> <span class='ocrx_word' id='word_1_262' title='bbox 1702 2181 1846 2253; x_wconf 81' lang='lat' dir='ltr'>admittit</span> <span class='ocrx_word' id='word_1_263' title='bbox 1859 2229 1870 2259; x_wconf 53' lang='lat' dir='ltr'>i</span> <span class='ocrx_word' id='word_1_264' title='bbox 1895 2189 1932 2252; x_wconf 78' lang='grc' dir='ltr'>δι</span> 
     </span>
     <span class='ocr_line' id='line_1_20' title="bbox 314 2275 1932 2380; baseline 0.001 -29"><span class='ocrx_word' id='word_1_265' title='bbox 314 2278 502 2380; x_wconf 79' lang='lat' dir='ltr'>longiorem</span> <span class='ocrx_word' id='word_1_266' title='bbox 516 2279 765 2378; x_wconf 79' lang='lat' dir='ltr'>inquisitionem</span> <span class='ocrx_word' id='word_1_267' title='bbox 785 2283 944 2374; x_wconf 71' lang='lat' dir='ltr'>requirit,</span> <span class='ocrx_word' id='word_1_268' title='bbox 971 2303 1072 2373; x_wconf 86' lang='lat' dir='ltr'>quam</span> <span class='ocrx_word' id='word_1_269' title='bbox 1089 2285 1204 2374; x_wconf 90' lang='lat' dir='ltr'>utique</span> <span class='ocrx_word' id='word_1_270' title='bbox 1220 2277 1275 2350; x_wconf 83' lang='lat' dir='ltr'>sibi</span> <span class='ocrx_word' id='word_1_271' title='bbox 1293 2283 1415 2350; x_wconf 81' lang='lat' dir='ltr'>Prator</span> <span class='ocrx_word' id='word_1_272' title='bbox 1432 2275 1620 2350; x_wconf 83' lang='lat' dir='ltr'>reservavit.</span> <span class='ocrx_word' id='word_1_273' title='bbox 1639 2280 1792 2352; x_wconf 82' lang='lat' dir='ltr'>Secundo</span> <span class='ocrx_word' id='word_1_274' title='bbox 1812 2280 1932 2375; x_wconf 71' lang='lat' dir='ltr'>liquet,</span> 
     </span>
     <span class='ocr_line' id='line_1_21' title="bbox 315 2374 1933 2476; baseline -0.004 -23"><span class='ocrx_word' id='word_1_275' title='bbox 315 2387 477 2453; x_wconf 70' lang='lat' dir='ltr'>Putarem</span> <span class='ocrx_word' id='word_1_276' title='bbox 494 2380 662 2475; x_wconf 76' lang='lat' dir='ltr'>defiderari</span> <span class='ocrx_word' id='word_1_277' title='bbox 673 2381 728 2452; x_wconf 83' lang='lat' dir='ltr'>hie</span> <span class='ocrx_word' id='word_1_278' title='bbox 741 2380 828 2464; x_wconf 86' lang='lat' dir='ltr'>dici,</span> <span class='ocrx_word' id='word_1_279' title='bbox 855 2381 933 2473; x_wconf 85' lang='lat' dir='ltr'>quia</span> <span class='ocrx_word' id='word_1_280' title='bbox 949 2381 1073 2450; x_wconf 80' lang='lat' dir='ltr'>l‘raetor</span> <span class='ocrx_word' id='word_1_281' title='bbox 1090 2374 1155 2474; x_wconf 88' lang='lat' dir='ltr'>ipse</span> <span class='ocrx_word' id='word_1_282' title='bbox 1170 2377 1337 2450; x_wconf 80' lang='lat' dir='ltr'>adeuntlur</span> <span class='ocrx_word' id='word_1_283' title='bbox 1351 2381 1461 2462; x_wconf 90' lang='lat' dir='ltr'>venit,</span> <span class='ocrx_word' id='word_1_284' title='bbox 1476 2377 1516 2450; x_wconf 92' lang='lat' dir='ltr'>de</span> <span class='ocrx_word' id='word_1_285' title='bbox 1532 2405 1608 2476; x_wconf 53' lang='lat' dir='ltr'>quo*</span> <span class='ocrx_word' id='word_1_286' title='bbox 1620 2403 1700 2450; x_wconf 79' lang='lat' dir='ltr'>mort</span> <span class='ocrx_word' id='word_1_287' title='bbox 1710 2379 1807 2474; x_wconf 85' lang='lat' dir='ltr'>plura</span> <span class='ocrx_word' id='word_1_288' title='bbox 1822 2435 1830 2452; x_wconf 90' lang='lat'><strong>.</strong></span> <span class='ocrx_word' id='word_1_289' title='bbox 1845 2387 1933 2452; x_wconf 82' lang='lat' dir='ltr'>Ter.</span> 
     </span>
     <span class='ocr_line' id='line_1_22' title="bbox 317 2475 1935 2582; baseline 0.002 -33"><span class='ocrx_word' id='word_1_290' title='bbox 317 2481 367 2550; x_wconf 89' lang='lat' dir='ltr'>tio</span> <span class='ocrx_word' id='word_1_291' title='bbox 383 2503 518 2580; x_wconf 84' lang='lat' dir='ltr'>apparet</span> <span class='ocrx_word' id='word_1_292' title='bbox 532 2527 542 2557; x_wconf 73' lang='grc'>,</span> <span class='ocrx_word' id='word_1_293' title='bbox 568 2477 741 2551; x_wconf 85' lang='lat' dir='ltr'>abeodem</span> <span class='ocrx_word' id='word_1_294' title='bbox 755 2503 894 2574; x_wconf 89' lang='lat' dir='ltr'>quoque</span> <span class='ocrx_word' id='word_1_295' title='bbox 908 2481 1047 2568; x_wconf 78' lang='lat' dir='ltr'>Cujacio</span> <span class='ocrx_word' id='word_1_296' title='bbox 1060 2475 1145 2549; x_wconf 86' lang='lat' dir='ltr'>lianc</span> <span class='ocrx_word' id='word_1_297' title='bbox 1158 2477 1261 2572; x_wconf 63' lang='lat' dir='ltr'>legem</span> <span class='ocrx_word' id='word_1_298' title='bbox 1274 2502 1444 2573; x_wconf 84' lang='lat' dir='ltr'>perperam</span> <span class='ocrx_word' id='word_1_299' title='bbox 1460 2477 1543 2548; x_wconf 83' lang='lat' dir='ltr'>tralii</span> <span class='ocrx_word' id='word_1_300' title='bbox 1560 2477 1602 2549; x_wconf 87' lang='lat' dir='ltr'>ad</span> <span class='ocrx_word' id='word_1_301' title='bbox 1617 2483 1640 2550; x_wconf 87' lang='lat' dir='ltr'>l.</span> <span class='ocrx_word' id='word_1_302' title='bbox 1656 2505 1698 2565; x_wconf 90' lang='lat'>71</span> <span class='ocrx_word' id='word_1_303' title='bbox 1710 2479 1813 2582; x_wconf 67' lang='lat' dir='ltr'>supr.</span> <span class='ocrx_word' id='word_1_304' title='bbox 1827 2503 1935 2576; x_wconf 83' lang='lat' dir='ltr'>eoque</span> 
     </span>
    </p>
   </div>
   <div class='ocr_carea' id='block_1_9' title="bbox 223 2559 1936 2671">
    <p class='ocr_par' dir='ltr' id='par_1_10' title="bbox 223 2559 1936 2671">
     <span class='ocr_line' id='line_1_23' title="bbox 223 2559 1936 2671; baseline 0.004 -27"><span class='ocrx_word' id='word_1_305' title='bbox 223 2637 225 2644; x_wconf 80' lang='grc'>,</span> <span class='ocrx_word' id='word_1_306' title='bbox 314 2575 369 2649; x_wconf 83' lang='lat' dir='ltr'>liic</span> <span class='ocrx_word' id='word_1_307' title='bbox 383 2578 539 2652; x_wconf 74' lang='lat' dir='ltr'>letiorem</span> <span class='ocrx_word' id='word_1_308' title='bbox 554 2581 700 2664; x_wconf 86' lang='lat' dir='ltr'>remitti,</span> <span class='ocrx_word' id='word_1_309' title='bbox 727 2575 973 2650; x_wconf 68' lang='lat' dir='ltr'>urendiutsad</span> <span class='ocrx_word' id='word_1_310' title='bbox 989 2603 1061 2648; x_wconf 75' lang='lat' dir='ltr'>uani</span> <span class='ocrx_word' id='word_1_311' title='bbox 1078 2559 1331 2648; x_wconf 77' lang='lat' dir='ltr'>manilistisfinie</span> <span class='ocrx_word' id='word_1_312' title='bbox 1343 2577 1490 2648; x_wconf 86' lang='lat' dir='ltr'>constare</span> <span class='ocrx_word' id='word_1_313' title='bbox 1507 2578 1632 2671; x_wconf 72' lang='lat' dir='ltr'>potest,</span> <span class='ocrx_word' id='word_1_314' title='bbox 1659 2575 1714 2650; x_wconf 92' lang='lat' dir='ltr'>etsi</span> <span class='ocrx_word' id='word_1_315' title='bbox 1740 2602 1778 2648; x_wconf 91' lang='lat' dir='ltr'>ur</span> <span class='ocrx_word' id='word_1_316' title='bbox 1799 2578 1866 2649; x_wconf 85' lang='lat' dir='ltr'>hirc</span> <span class='ocrx_word' id='word_1_317' title='bbox 1879 2585 1936 2660; x_wconf 85' lang='lat' dir='ltr'>¹ita</span> 
     </span>
    </p>
   </div>
   <div class='ocr_carea' id='block_1_10' title="bbox 313 2675 1932 3266">
    <p class='ocr_par' dir='ltr' id='par_1_11' title="bbox 313 2675 1932 3266">
     <span class='ocr_line' id='line_1_24' title="bbox 315 2675 1932 2778; baseline 0 -30"><span class='ocrx_word' id='word_1_318' title='bbox 315 2683 349 2748; x_wconf 77' lang='grc' dir='ltr'>δι</span> <span class='ocrx_word' id='word_1_319' title='bbox 364 2677 417 2747; x_wconf 91' lang='lat' dir='ltr'>illa</span> <span class='ocrx_word' id='word_1_320' title='bbox 438 2681 597 2750; x_wconf 80' lang='lat' dir='ltr'>Praetoria</span> <span class='ocrx_word' id='word_1_321' title='bbox 611 2681 797 2778; x_wconf 83' lang='lat' dir='ltr'>cognitioni</span> <span class='ocrx_word' id='word_1_322' title='bbox 811 2675 955 2746; x_wconf 86' lang='lat' dir='ltr'>formam</span> <span class='ocrx_word' id='word_1_323' title='bbox 970 2678 1140 2770; x_wconf 87' lang='lat' dir='ltr'>imponat.</span> <span class='ocrx_word' id='word_1_324' title='bbox 1170 2687 1300 2762; x_wconf 86' lang='lat' dir='ltr'>Quarto</span> <span class='ocrx_word' id='word_1_325' title='bbox 1314 2676 1560 2768; x_wconf 84' lang='lat' dir='ltr'>hincapparet,</span> <span class='ocrx_word' id='word_1_326' title='bbox 1586 2703 1670 2748; x_wconf 83' lang='lat' dir='ltr'>vore</span> <span class='ocrx_word' id='word_1_327' title='bbox 1683 2675 1932 2772; x_wconf 75' lang='lat' dir='ltr'>ubieunqueiiie</span> 
     </span>
     <span class='ocr_line' id='line_1_25' title="bbox 314 2771 1931 2870; baseline -0.001 -23"><span class='ocrx_word' id='word_1_328' title='bbox 314 2778 516 2870; x_wconf 85' lang='lat' dir='ltr'>accipiendas</span> <span class='ocrx_word' id='word_1_329' title='bbox 532 2773 592 2850; x_wconf 79' lang='lat' dir='ltr'>ell&#39;e</span> <span class='ocrx_word' id='word_1_330' title='bbox 608 2779 807 2850; x_wconf 83' lang='lat' dir='ltr'>nominatim</span> <span class='ocrx_word' id='word_1_331' title='bbox 819 2777 964 2845; x_wconf 72' lang='lat' dir='ltr'>ustiones</span> <span class='ocrx_word' id='word_1_332' title='bbox 977 2773 1029 2844; x_wconf 89' lang='lat' dir='ltr'>vel</span> <span class='ocrx_word' id='word_1_333' title='bbox 1045 2777 1177 2848; x_wconf 89' lang='lat' dir='ltr'>remedii</span> <span class='ocrx_word' id='word_1_334' title='bbox 1194 2775 1328 2866; x_wconf 74' lang='lat' dir='ltr'>alicuius</span> <span class='ocrx_word' id='word_1_335' title='bbox 1353 2771 1527 2866; x_wconf 77' lang='lat' dir='ltr'>pollell&#39;orii</span> <span class='ocrx_word' id='word_1_336' title='bbox 1558 2774 1832 2869; x_wconf 82' lang='lat' dir='ltr'>postulationem,</span> <span class='ocrx_word' id='word_1_337' title='bbox 1860 2800 1931 2870; x_wconf 89' lang='lat' dir='ltr'>quo</span> 
     </span>
     <span class='ocr_line' id='line_1_26' title="bbox 313 2871 1930 2974; baseline 0.001 -29"><span class='ocrx_word' id='word_1_338' title='bbox 313 2879 456 2970; x_wconf 85' lang='lat' dir='ltr'>pertinet</span> <span class='ocrx_word' id='word_1_339' title='bbox 470 2881 569 2947; x_wconf 91' lang='lat' dir='ltr'>etiam</span> <span class='ocrx_word' id='word_1_340' title='bbox 584 2873 732 2972; x_wconf 79' lang='lat' dir='ltr'>quotide</span> <span class='ocrx_word' id='word_1_341' title='bbox 749 2901 834 2946; x_wconf 88' lang='lat' dir='ltr'>voce</span> <span class='ocrx_word' id='word_1_342' title='bbox 845 2871 1024 2974; x_wconf 71' lang='lat' dir='ltr'>postulandi</span> <span class='ocrx_word' id='word_1_343' title='bbox 1039 2896 1175 2944; x_wconf 88' lang='lat' dir='ltr'>notatur</span> <span class='ocrx_word' id='word_1_344' title='bbox 1188 2877 1221 2944; x_wconf 78' lang='lat' dir='ltr'>d.</span> <span class='ocrx_word' id='word_1_345' title='bbox 1238 2879 1260 2944; x_wconf 89' lang='lat' dir='ltr'>l.</span> <span class='ocrx_word' id='word_1_346' title='bbox 1273 2901 1307 2962; x_wconf 88' lang='lat'>4.</span> <span class='ocrx_word' id='word_1_347' title='bbox 1324 2877 1353 2948; x_wconf 73' lang='lat' dir='ltr'>i.</span> <span class='ocrx_word' id='word_1_348' title='bbox 1373 2877 1406 2940; x_wconf 78' lang='lat'>6.</span> <span class='ocrx_word' id='word_1_349' title='bbox 1423 2877 1554 2958; x_wconf 88' lang='lat' dir='ltr'>Quinto</span> <span class='ocrx_word' id='word_1_350' title='bbox 1566 2883 1679 2944; x_wconf 81' lang='lat' dir='ltr'>Praror</span> <span class='ocrx_word' id='word_1_351' title='bbox 1692 2874 1858 2965; x_wconf 77' lang='lat' dir='ltr'>defiderara&#39;</span> <span class='ocrx_word' id='word_1_352' title='bbox 1871 2875 1930 2946; x_wconf 86' lang='lat' dir='ltr'>liao</span> 
     </span>
     <span class='ocr_line' id='line_1_27' title="bbox 314 2964 1931 3064; baseline 0.001 -22"><span class='ocrx_word' id='word_1_353' title='bbox 314 2971 338 3042; x_wconf 88' lang='lat' dir='ltr'>l.</span> <span class='ocrx_word' id='word_1_354' title='bbox 356 2971 496 3058; x_wconf 88' lang='lat' dir='ltr'>dicitur,</span> <span class='ocrx_word' id='word_1_355' title='bbox 524 2973 579 3046; x_wconf 87' lang='lat' dir='ltr'>ubi</span> <span class='ocrx_word' id='word_1_356' title='bbox 597 2980 622 3044; x_wconf 84' lang='lat' dir='ltr'>ir</span> <span class='ocrx_word' id='word_1_357' title='bbox 638 2999 676 3044; x_wconf 88' lang='lat' dir='ltr'>eii</span> <span class='ocrx_word' id='word_1_358' title='bbox 688 2975 852 3057; x_wconf 86' lang='lat' dir='ltr'>ordinaria</span> <span class='ocrx_word' id='word_1_359' title='bbox 867 2977 885 3048; x_wconf 91' lang='lat' dir='ltr'>J</span> <span class='ocrx_word' id='word_1_360' title='bbox 890 2964 1100 3040; x_wconf 75' lang='lat' dir='ltr'>unldittioiie</span> <span class='ocrx_word' id='word_1_361' title='bbox 1114 2971 1282 3044; x_wconf 86' lang='lat' dir='ltr'>adeundus</span> <span class='ocrx_word' id='word_1_362' title='bbox 1296 2971 1362 3054; x_wconf 82' lang='lat' dir='ltr'>eli,</span> <span class='ocrx_word' id='word_1_363' title='bbox 1376 2967 1433 3040; x_wconf 89' lang='lat' dir='ltr'>etsi</span> <span class='ocrx_word' id='word_1_364' title='bbox 1447 2971 1556 3064; x_wconf 86' lang='lat' dir='ltr'>postea</span> <span class='ocrx_word' id='word_1_365' title='bbox 1572 2997 1641 3042; x_wconf 89' lang='lat' dir='ltr'>rem</span> <span class='ocrx_word' id='word_1_366' title='bbox 1652 2971 1931 3044; x_wconf 80' lang='lat' dir='ltr'>aliinilriloiuitiur</span> 
     </span>
     <span class='ocr_line' id='line_1_28' title="bbox 316 3063 1930 3168; baseline 0 -26"><span class='ocrx_word' id='word_1_367' title='bbox 316 3068 512 3144; x_wconf 87' lang='lat' dir='ltr'>demandare</span> <span class='ocrx_word' id='word_1_368' title='bbox 527 3069 648 3167; x_wconf 83' lang='lat' dir='ltr'>pollit:</span> <span class='ocrx_word' id='word_1_369' title='bbox 675 3073 828 3166; x_wconf 89' lang='lat' dir='ltr'>Denique</span> <span class='ocrx_word' id='word_1_370' title='bbox 841 3074 964 3140; x_wconf 78' lang='lat' dir='ltr'>Praetor</span> <span class='ocrx_word' id='word_1_371' title='bbox 977 3070 1145 3164; x_wconf 74' lang='lat' dir='ltr'>defideirari</span> <span class='ocrx_word' id='word_1_372' title='bbox 1160 3073 1303 3150; x_wconf 89' lang='lat' dir='ltr'>dicitur,</span> <span class='ocrx_word' id='word_1_373' title='bbox 1332 3063 1478 3162; x_wconf 69' lang='lat' dir='ltr'>respodiii</span> <span class='ocrx_word' id='word_1_374' title='bbox 1493 3095 1609 3141; x_wconf 88' lang='lat' dir='ltr'>eorum</span> <span class='ocrx_word' id='word_1_375' title='bbox 1625 3073 1657 3142; x_wconf 88' lang='lat' dir='ltr'>iri</span> <span class='ocrx_word' id='word_1_376' title='bbox 1673 3069 1795 3168; x_wconf 79' lang='lat' dir='ltr'>quibui</span> <span class='ocrx_word' id='word_1_377' title='bbox 1808 3076 1930 3142; x_wconf 79' lang='lat' dir='ltr'>Prator</span> 
     </span>
     <span class='ocr_line' id='line_1_29' title="bbox 317 3167 1929 3266; baseline -0.001 -24"><span class='ocrx_word' id='word_1_378' title='bbox 317 3171 459 3243; x_wconf 87' lang='lat' dir='ltr'>omnino</span> <span class='ocrx_word' id='word_1_379' title='bbox 477 3199 548 3243; x_wconf 88' lang='lat' dir='ltr'>noti</span> <span class='ocrx_word' id='word_1_380' title='bbox 562 3169 783 3254; x_wconf 83' lang='lat' dir='ltr'>defideratur,</span> <span class='ocrx_word' id='word_1_381' title='bbox 810 3170 845 3242; x_wconf 89' lang='lat' dir='ltr'>id</span> <span class='ocrx_word' id='word_1_382' title='bbox 858 3171 920 3250; x_wconf 83' lang='lat' dir='ltr'>est,</span> <span class='ocrx_word' id='word_1_383' title='bbox 947 3169 1115 3266; x_wconf 79' lang='lat' dir='ltr'>inquibus</span> <span class='ocrx_word' id='word_1_384' title='bbox 1131 3175 1255 3242; x_wconf 86' lang='lat' dir='ltr'>Praetor</span> <span class='ocrx_word' id='word_1_385' title='bbox 1269 3167 1362 3241; x_wconf 91' lang='lat' dir='ltr'>nullo</span> <span class='ocrx_word' id='word_1_386' title='bbox 1377 3167 1485 3238; x_wconf 90' lang='lat' dir='ltr'>modo</span> <span class='ocrx_word' id='word_1_387' title='bbox 1501 3168 1674 3242; x_wconf 83' lang='lat' dir='ltr'>adeundus</span> <span class='ocrx_word' id='word_1_388' title='bbox 1687 3169 1750 3242; x_wconf 83' lang='lat' dir='ltr'>eli:</span> <span class='ocrx_word' id='word_1_389' title='bbox 1778 3173 1929 3255; x_wconf 81' lang='lat' dir='ltr'>Contra,</span> 
     </span>
    </p>
   </div>
   <div class='ocr_carea' id='block_1_11' title="bbox 169 3265 2000 3368">
    <p class='ocr_par' dir='ltr' id='par_1_12' title="bbox 169 3265 2000 3368">
     <span class='ocr_line' id='line_1_30' title="bbox 169 3265 2000 3368; baseline 0.001 -27"><span class='ocrx_word' id='word_1_390' title='bbox 169 3317 171 3320; x_wconf 95' lang='lat'>-</span> <span class='ocrx_word' id='word_1_391' title='bbox 315 3271 349 3342; x_wconf 91' lang='lat' dir='ltr'>in</span> <span class='ocrx_word' id='word_1_392' title='bbox 367 3269 487 3366; x_wconf 85' lang='lat' dir='ltr'>quibus</span> <span class='ocrx_word' id='word_1_393' title='bbox 505 3265 605 3344; x_wconf 82' lang='lat' dir='ltr'>caosae</span> <span class='ocrx_word' id='word_1_394' title='bbox 617 3269 756 3368; x_wconf 77' lang='lat' dir='ltr'>cognitio</span> <span class='ocrx_word' id='word_1_395' title='bbox 772 3269 839 3354; x_wconf 90' lang='lat' dir='ltr'>est,</span> <span class='ocrx_word' id='word_1_396' title='bbox 867 3269 900 3340; x_wconf 89' lang='lat' dir='ltr'>id</span> <span class='ocrx_word' id='word_1_397' title='bbox 914 3271 981 3348; x_wconf 87' lang='lat' dir='ltr'>est,</span> <span class='ocrx_word' id='word_1_398' title='bbox 1011 3273 1209 3364; x_wconf 86' lang='lat' dir='ltr'>requiritur,</span> <span class='ocrx_word' id='word_1_399' title='bbox 1237 3267 1407 3340; x_wconf 81' lang='lat' dir='ltr'>adeundus</span> <span class='ocrx_word' id='word_1_400' title='bbox 1423 3271 1566 3341; x_wconf 85' lang='lat' dir='ltr'>omnino</span> <span class='ocrx_word' id='word_1_401' title='bbox 1585 3274 1709 3340; x_wconf 77' lang='lat' dir='ltr'>l’raetor</span> <span class='ocrx_word' id='word_1_402' title='bbox 1724 3270 1783 3342; x_wconf 86' lang='lat' dir='ltr'>est:</span> <span class='ocrx_word' id='word_1_403' title='bbox 1811 3269 1931 3343; x_wconf 72' lang='lat' dir='ltr'>lidirus</span> <span class='ocrx_word' id='word_1_404' title='bbox 1999 3293 2000 3296; x_wconf 74' lang='grc'>’</span> 
     </span>
    </p>
   </div>
   <div class='ocr_carea' id='block_1_12' title="bbox 310 3363 1932 4938">
    <p class='ocr_par' dir='ltr' id='par_1_13' title="bbox 313 3363 1932 4066">
     <span class='ocr_line' id='line_1_31' title="bbox 317 3363 1931 3470; baseline 0.002 -32"><span class='ocrx_word' id='word_1_405' title='bbox 317 3391 425 3442; x_wconf 84' lang='lat' dir='ltr'>tamen</span> <span class='ocrx_word' id='word_1_406' title='bbox 441 3372 506 3441; x_wconf 83' lang='lat' dir='ltr'>lior</span> <span class='ocrx_word' id='word_1_407' title='bbox 520 3365 624 3465; x_wconf 88' lang='lat' dir='ltr'>ipsum</span> <span class='ocrx_word' id='word_1_408' title='bbox 639 3369 856 3442; x_wconf 79' lang='lat' dir='ltr'>nihilominus</span> <span class='ocrx_word' id='word_1_409' title='bbox 868 3368 1064 3442; x_wconf 80' lang='lat' dir='ltr'>demandare</span> <span class='ocrx_word' id='word_1_410' title='bbox 1080 3363 1133 3440; x_wconf 91' lang='lat' dir='ltr'>seu</span> <span class='ocrx_word' id='word_1_411' title='bbox 1149 3369 1296 3470; x_wconf 88' lang='lat' dir='ltr'>delegare</span> <span class='ocrx_word' id='word_1_412' title='bbox 1307 3369 1422 3445; x_wconf 77' lang='lat' dir='ltr'>alterii</span> <span class='ocrx_word' id='word_1_413' title='bbox 1449 3365 1580 3454; x_wconf 80' lang='lat' dir='ltr'>sivein,</span> <span class='ocrx_word' id='word_1_414' title='bbox 1607 3368 1734 3464; x_wconf 84' lang='lat' dir='ltr'>potest:</span> <span class='ocrx_word' id='word_1_415' title='bbox 1759 3374 1842 3440; x_wconf 90' lang='lat' dir='ltr'>Non</span> <span class='ocrx_word' id='word_1_416' title='bbox 1854 3370 1931 3442; x_wconf 84' lang='lat' dir='ltr'>ilico</span> 
     </span>
     <span class='ocr_line' id='line_1_32' title="bbox 314 3461 1931 3568; baseline 0.002 -31"><span class='ocrx_word' id='word_1_417' title='bbox 314 3461 456 3546; x_wconf 69' lang='lat' dir='ltr'>scilicet,</span> <span class='ocrx_word' id='word_1_418' title='bbox 481 3469 537 3541; x_wconf 88' lang='lat' dir='ltr'>ubi</span> <span class='ocrx_word' id='word_1_419' title='bbox 553 3470 675 3541; x_wconf 84' lang='lat' dir='ltr'>Praetor</span> <span class='ocrx_word' id='word_1_420' title='bbox 689 3469 898 3562; x_wconf 73' lang='lat' dir='ltr'>deficientur,</span> <span class='ocrx_word' id='word_1_421' title='bbox 925 3468 978 3541; x_wconf 82' lang='lat' dir='ltr'>vel</span> <span class='ocrx_word' id='word_1_422' title='bbox 991 3467 1122 3539; x_wconf 86' lang='lat' dir='ltr'>adeum</span> <span class='ocrx_word' id='word_1_423' title='bbox 1136 3493 1186 3540; x_wconf 86' lang='lat' dir='ltr'>rer</span> <span class='ocrx_word' id='word_1_424' title='bbox 1203 3467 1404 3548; x_wconf 78' lang='lat' dir='ltr'>remittitur,</span> <span class='ocrx_word' id='word_1_425' title='bbox 1428 3463 1572 3564; x_wconf 88' lang='lat' dir='ltr'>denique</span> <span class='ocrx_word' id='word_1_426' title='bbox 1587 3463 1690 3541; x_wconf 72' lang='lat' dir='ltr'>erusae</span> <span class='ocrx_word' id='word_1_427' title='bbox 1703 3474 1860 3568; x_wconf 79' lang='lat' dir='ltr'>cognitio·</span> <span class='ocrx_word' id='word_1_428' title='bbox 1882 3493 1931 3540; x_wconf 81' lang='lat' dir='ltr'>re·</span> 
     </span>
     <span class='ocr_line' id='line_1_33' title="bbox 315 3567 1931 3668; baseline -0.002 -31"><span class='ocrx_word' id='word_1_429' title='bbox 315 3571 481 3662; x_wconf 76' lang='lat' dir='ltr'>quiritur,</span> <span class='ocrx_word' id='word_1_430' title='bbox 505 3571 605 3642; x_wconf 88' lang='lat' dir='ltr'>eriam</span> <span class='ocrx_word' id='word_1_431' title='bbox 622 3567 784 3642; x_wconf 74' lang='lat' dir='ltr'>necessitas</span> <span class='ocrx_word' id='word_1_432' title='bbox 800 3573 1003 3668; x_wconf 85' lang='lat' dir='ltr'>cognitionis</span> <span class='ocrx_word' id='word_1_433' title='bbox 1021 3569 1269 3668; x_wconf 61' lang='lat' dir='ltr'>eiinjuiigitun</span> <span class='ocrx_word' id='word_1_434' title='bbox 1294 3572 1317 3640; x_wconf 83' lang='lat' dir='ltr'>l.</span> <span class='ocrx_word' id='word_1_435' title='bbox 1337 3570 1369 3640; x_wconf 87' lang='lat'>8.</span> <span class='ocrx_word' id='word_1_436' title='bbox 1385 3578 1424 3650; x_wconf 61' lang='lat' dir='ltr'>dv</span> <span class='ocrx_word' id='word_1_437' title='bbox 1441 3593 1475 3656; x_wconf 77' lang='lat'>9.</span> <span class='ocrx_word' id='word_1_438' title='bbox 1493 3578 1539 3640; x_wconf 87' lang='lat' dir='ltr'>D.</span> <span class='ocrx_word' id='word_1_439' title='bbox 1554 3571 1592 3640; x_wconf 80' lang='lat' dir='ltr'>da</span> <span class='ocrx_word' id='word_1_440' title='bbox 1611 3571 1700 3668; x_wconf 76' lang='lat' dir='ltr'>offic.</span> <span class='ocrx_word' id='word_1_441' title='bbox 1720 3567 1841 3666; x_wconf 59' lang='lat' dir='ltr'>Perfida</span> <span class='ocrx_word' id='word_1_442' title='bbox 1854 3572 1931 3640; x_wconf 65' lang='lat' dir='ltr'>Brea</span> 
     </span>
     <span class='ocr_line' id='line_1_34' title="bbox 313 3663 1931 3768; baseline 0.002 -32"><span class='ocrx_word' id='word_1_443' title='bbox 313 3670 399 3768; x_wconf 77' lang='lat' dir='ltr'>viter</span> <span class='ocrx_word' id='word_1_444' title='bbox 408 3671 513 3768; x_wconf 85' lang='lat' dir='ltr'>igitur</span> <span class='ocrx_word' id='word_1_445' title='bbox 527 3681 639 3740; x_wconf 80' lang='lat' dir='ltr'>Praror</span> <span class='ocrx_word' id='word_1_446' title='bbox 649 3669 814 3764; x_wconf 71' lang='lat' dir='ltr'>desiderari</span> <span class='ocrx_word' id='word_1_447' title='bbox 829 3671 970 3754; x_wconf 88' lang='lat' dir='ltr'>dicitur,</span> <span class='ocrx_word' id='word_1_448' title='bbox 995 3693 1064 3738; x_wconf 91' lang='lat' dir='ltr'>non</span> <span class='ocrx_word' id='word_1_449' title='bbox 1077 3667 1117 3738; x_wconf 86' lang='lat' dir='ltr'>ad</span> <span class='ocrx_word' id='word_1_450' title='bbox 1135 3667 1355 3740; x_wconf 84' lang='lat' dir='ltr'>exclufiouem</span> <span class='ocrx_word' id='word_1_451' title='bbox 1369 3673 1439 3754; x_wconf 79' lang='lat' dir='ltr'>ejus</span> <span class='ocrx_word' id='word_1_452' title='bbox 1454 3669 1508 3740; x_wconf 87' lang='lat' dir='ltr'>cui</span> <span class='ocrx_word' id='word_1_453' title='bbox 1522 3665 1562 3740; x_wconf 92' lang='lat' dir='ltr'>ab</span> <span class='ocrx_word' id='word_1_454' title='bbox 1576 3691 1619 3742; x_wconf 84' lang='lat' dir='ltr'>eo</span> <span class='ocrx_word' id='word_1_455' title='bbox 1636 3667 1812 3740; x_wconf 82' lang='lat' dir='ltr'>inandatut</span> <span class='ocrx_word' id='word_1_456' title='bbox 1826 3663 1931 3746; x_wconf 71' lang='lat' dir='ltr'>Iuris·</span> 
     </span>
     <span class='ocr_line' id='line_1_35' title="bbox 314 3763 1932 3864; baseline 0.001 -28"><span class='ocrx_word' id='word_1_457' title='bbox 314 3764 417 3837; x_wconf 70' lang='lat' dir='ltr'>druto</span> <span class='ocrx_word' id='word_1_458' title='bbox 430 3773 441 3844; x_wconf 73' lang='grc'>,’</span> <span class='ocrx_word' id='word_1_459' title='bbox 466 3793 583 3862; x_wconf 81' lang='lat' dir='ltr'>verum</span> <span class='ocrx_word' id='word_1_460' title='bbox 596 3767 636 3839; x_wconf 91' lang='lat' dir='ltr'>ad</span> <span class='ocrx_word' id='word_1_461' title='bbox 650 3767 867 3849; x_wconf 80' lang='lat' dir='ltr'>exclufionem</span> <span class='ocrx_word' id='word_1_462' title='bbox 884 3769 1014 3840; x_wconf 87' lang='lat' dir='ltr'>alterius</span> <span class='ocrx_word' id='word_1_463' title='bbox 1028 3765 1237 3864; x_wconf 84' lang='lat' dir='ltr'>magistratus</span> <span class='ocrx_word' id='word_1_464' title='bbox 1252 3766 1482 3860; x_wconf 82' lang='lat' dir='ltr'>municipalis,</span> <span class='ocrx_word' id='word_1_465' title='bbox 1497 3790 1536 3837; x_wconf 90' lang='lat' dir='ltr'>ut</span> <span class='ocrx_word' id='word_1_466' title='bbox 1547 3765 1621 3862; x_wconf 89' lang='lat' dir='ltr'>post</span> <span class='ocrx_word' id='word_1_467' title='bbox 1628 3771 1806 3860; x_wconf 83' lang='lat' dir='ltr'>Cujacium</span> <span class='ocrx_word' id='word_1_468' title='bbox 1823 3763 1932 3840; x_wconf 71' lang='lat' dir='ltr'>restis-</span> 
     </span>
     <span class='ocr_line' id='line_1_36' title="bbox 314 3861 1932 3970; baseline 0.005 -36"><span class='ocrx_word' id='word_1_469' title='bbox 314 3863 395 3936; x_wconf 89' lang='lat' dir='ltr'>sime</span> <span class='ocrx_word' id='word_1_470' title='bbox 407 3867 619 3940; x_wconf 84' lang='lat' dir='ltr'>ostenderunt</span> <span class='ocrx_word' id='word_1_471' title='bbox 632 3868 914 3964; x_wconf 62' lang='lat' dir='ltr'>ScipioGentilisi</span> <span class='ocrx_word' id='word_1_472' title='bbox 940 3867 994 3938; x_wconf 82' lang='lat' dir='ltr'>lib.</span> <span class='ocrx_word' id='word_1_473' title='bbox 1020 3891 1052 3936; x_wconf 90' lang='lat'>2.</span> <span class='ocrx_word' id='word_1_474' title='bbox 1075 3869 1113 3937; x_wconf 77' lang='lat' dir='ltr'>de</span> <span class='ocrx_word' id='word_1_475' title='bbox 1140 3867 1267 3956; x_wconf 75' lang='lat' dir='ltr'>Jurifii.</span> <span class='ocrx_word' id='word_1_476' title='bbox 1293 3885 1362 3969; x_wconf 83' lang='lat' dir='ltr'>cap.</span> <span class='ocrx_word' id='word_1_477' title='bbox 1380 3865 1436 3936; x_wconf 82' lang='lat'>28.</span> <span class='ocrx_word' id='word_1_478' title='bbox 1467 3878 1508 3949; x_wconf 68' lang='lat' dir='ltr'>(n</span> <span class='ocrx_word' id='word_1_479' title='bbox 1533 3863 1717 3948; x_wconf 66' lang='lat' dir='ltr'>nannius,</span> <span class='ocrx_word' id='word_1_480' title='bbox 1741 3861 1877 3970; x_wconf 54' lang='lat' dir='ltr'>capii.</span> <span class='ocrx_word' id='word_1_481' title='bbox 1893 3867 1932 3942; x_wconf 73' lang='lat' dir='ltr'>de</span> 
     </span>
     <span class='ocr_line' id='line_1_37' title="bbox 314 3967 1859 4066; baseline 0.003 -33"><span class='ocrx_word' id='word_1_482' title='bbox 314 3969 467 4038; x_wconf 74' lang='lat' dir='ltr'>mandata</span> <span class='ocrx_word' id='word_1_483' title='bbox 483 3969 610 4059; x_wconf 80' lang='lat' dir='ltr'>Jurisd.</span> <span class='ocrx_word' id='word_1_484' title='bbox 628 3967 728 4066; x_wconf 77' lang='lat' dir='ltr'>qnasi.</span> <span class='ocrx_word' id='word_1_485' title='bbox 748 3995 780 4056; x_wconf 92' lang='lat'>7.</span> <span class='ocrx_word' id='word_1_486' title='bbox 797 3995 886 4039; x_wconf 73' lang='lat' dir='ltr'>nuni.</span> <span class='ocrx_word' id='word_1_487' title='bbox 909 3976 962 4038; x_wconf 87' lang='lat'>16.</span> <span class='ocrx_word' id='word_1_488' title='bbox 985 3991 1026 4054; x_wconf 90' lang='lat'>17</span> <span class='ocrx_word' id='word_1_489' title='bbox 1448 3996 1450 4004; x_wconf 95' lang='lat'><em>·</em></span> <span class='ocrx_word' id='word_1_490' title='bbox 1615 4042 1619 4051; x_wconf 72' lang='grc'><strong>,</strong></span> <span class='ocrx_word' id='word_1_491' title='bbox 1854 4019 1859 4030; x_wconf 76' lang='grc'><strong><em>.</em></strong></span> 
     </span>
    </p>

    <p class='ocr_par' dir='ltr' id='par_1_14' title="bbox 310 4061 1932 4764">
     <span class='ocr_line' id='line_1_38' title="bbox 329 4061 1932 4168; baseline 0.004 -34"><span class='ocrx_word' id='word_1_492' title='bbox 329 4109 334 4122; x_wconf 89' lang='lat'><strong>·</strong></span> <span class='ocrx_word' id='word_1_493' title='bbox 367 4070 477 4138; x_wconf 84' lang='lat' dir='ltr'>Brevis</span> <span class='ocrx_word' id='word_1_494' title='bbox 491 4073 592 4168; x_wconf 86' lang='lat' dir='ltr'>igitur</span> <span class='ocrx_word' id='word_1_495' title='bbox 610 4067 812 4166; x_wconf 87' lang='lat' dir='ltr'>paraphrasis</span> <span class='ocrx_word' id='word_1_496' title='bbox 828 4069 925 4161; x_wconf 85' lang='lat' dir='ltr'>hujus</span> <span class='ocrx_word' id='word_1_497' title='bbox 955 4069 1040 4165; x_wconf 81' lang='lat' dir='ltr'>Reg.</span> <span class='ocrx_word' id='word_1_498' title='bbox 1058 4065 1124 4136; x_wconf 76' lang='lat' dir='ltr'>hec</span> <span class='ocrx_word' id='word_1_499' title='bbox 1149 4061 1237 4138; x_wconf 82' lang='lat' dir='ltr'>ello:</span> <span class='ocrx_word' id='word_1_500' title='bbox 1265 4061 1463 4162; x_wconf 66' lang='lat' dir='ltr'>Ubicunque</span> <span class='ocrx_word' id='word_1_501' title='bbox 1481 4063 1602 4155; x_wconf 77' lang='lat' dir='ltr'>(ueluti</span> <span class='ocrx_word' id='word_1_502' title='bbox 1628 4067 1662 4138; x_wconf 91' lang='lat' dir='ltr'>in</span> <span class='ocrx_word' id='word_1_503' title='bbox 1689 4065 1874 4146; x_wconf 65' lang='lat' dir='ltr'>ustionibus</span> <span class='ocrx_word' id='word_1_504' title='bbox 1895 4073 1932 4140; x_wconf 80' lang='lat' dir='ltr'>dc</span> 
     </span>
     <span class='ocr_line' id='line_1_39' title="bbox 316 4161 1932 4276; baseline 0.004 -44"><span class='ocrx_word' id='word_1_505' title='bbox 316 4165 466 4235; x_wconf 88' lang='lat' dir='ltr'>remediis</span> <span class='ocrx_word' id='word_1_506' title='bbox 479 4164 690 4262; x_wconf 74' lang='lat' dir='ltr'>poll&#39;elliiriis)</span> <span class='ocrx_word' id='word_1_507' title='bbox 721 4195 770 4240; x_wconf 87' lang='lat' dir='ltr'>res</span> <span class='ocrx_word' id='word_1_508' title='bbox 783 4165 981 4240; x_wconf 88' lang='lat' dir='ltr'>celeritatem</span> <span class='ocrx_word' id='word_1_509' title='bbox 997 4163 1177 4245; x_wconf 82' lang='lat' dir='ltr'>desiderat,</span> <span class='ocrx_word' id='word_1_510' title='bbox 1195 4161 1399 4268; x_wconf 84' lang='lat' dir='ltr'>Magistratui</span> <span class='ocrx_word' id='word_1_511' title='bbox 1416 4168 1606 4276; x_wconf 79' lang='lat' dir='ltr'>municipali</span> <span class='ocrx_word' id='word_1_512' title='bbox 1621 4173 1672 4258; x_wconf 87' lang='lat' dir='ltr'>jus</span> <span class='ocrx_word' id='word_1_513' title='bbox 1696 4163 1756 4238; x_wconf 88' lang='lat' dir='ltr'>eise</span> <span class='ocrx_word' id='word_1_514' title='bbox 1771 4169 1932 4240; x_wconf 84' lang='lat' dir='ltr'>cautioriie</span> 
     </span>
     <span class='ocr_line' id='line_1_40' title="bbox 316 4263 1930 4381; baseline 0.005 -53"><span class='ocrx_word' id='word_1_515' title='bbox 316 4263 476 4358; x_wconf 66' lang='lat' dir='ltr'>exigenda</span> <span class='ocrx_word' id='word_1_516' title='bbox 492 4273 527 4334; x_wconf 81' lang='grc' dir='ltr'>δι</span> <span class='ocrx_word' id='word_1_517' title='bbox 543 4265 701 4338; x_wconf 84' lang='lat' dir='ltr'>missionis</span> <span class='ocrx_word' id='word_1_518' title='bbox 718 4271 752 4338; x_wconf 92' lang='lat' dir='ltr'>in</span> <span class='ocrx_word' id='word_1_519' title='bbox 768 4263 996 4364; x_wconf 75' lang='lat' dir='ltr'>poli&#39;essionem</span> <span class='ocrx_word' id='word_1_520' title='bbox 1012 4309 1022 4344; x_wconf 61' lang='lat' dir='ltr'>i</span> <span class='ocrx_word' id='word_1_521' title='bbox 1048 4289 1109 4336; x_wconf 90' lang='lat' dir='ltr'>nec</span> <span class='ocrx_word' id='word_1_522' title='bbox 1124 4273 1282 4381; x_wconf 65' lang='lat' dir='ltr'>majorem</span> <span class='ocrx_word' id='word_1_523' title='bbox 1301 4263 1531 4368; x_wconf 79' lang='lat' dir='ltr'>Magistraturn</span> <span class='ocrx_word' id='word_1_524' title='bbox 1550 4271 1570 4354; x_wconf 74' lang='grc' dir='ltr'>ἰ</span> <span class='ocrx_word' id='word_1_525' title='bbox 1581 4279 1745 4338; x_wconf 75' lang='lat' dir='ltr'>Praetorem</span> <span class='ocrx_word' id='word_1_526' title='bbox 1767 4290 1850 4364; x_wconf 84' lang='lat' dir='ltr'>puta</span> <span class='ocrx_word' id='word_1_527' title='bbox 1872 4287 1930 4337; x_wconf 86' lang='lat' dir='ltr'>aut</span> 
     </span>
     <span class='ocr_line' id='line_1_41' title="bbox 316 4357 1927 4466; baseline 0.007 -39"><span class='ocrx_word' id='word_1_528' title='bbox 316 4357 509 4456; x_wconf 69' lang='lat' dir='ltr'>praesidem)</span> <span class='ocrx_word' id='word_1_529' title='bbox 538 4367 582 4444; x_wconf 85' lang='lat' dir='ltr'>ibi</span> <span class='ocrx_word' id='word_1_530' title='bbox 596 4365 766 4438; x_wconf 88' lang='lat' dir='ltr'>deliderari</span> <span class='ocrx_word' id='word_1_531' title='bbox 781 4401 791 4438; x_wconf 90' lang='lat'>.·</span> <span class='ocrx_word' id='word_1_532' title='bbox 821 4375 860 4438; x_wconf 94' lang='lat' dir='ltr'>ln</span> <span class='ocrx_word' id='word_1_533' title='bbox 876 4369 912 4438; x_wconf 92' lang='lat' dir='ltr'>iis</span> <span class='ocrx_word' id='word_1_534' title='bbox 928 4389 1007 4438; x_wconf 82' lang='lat' dir='ltr'>vero</span> <span class='ocrx_word' id='word_1_535' title='bbox 1025 4363 1170 4460; x_wconf 84' lang='lat' dir='ltr'>partibus</span> <span class='ocrx_word' id='word_1_536' title='bbox 1187 4367 1380 4438; x_wconf 83' lang='lat' dir='ltr'>&amp;articulis</span> <span class='ocrx_word' id='word_1_537' title='bbox 1399 4364 1579 4464; x_wconf 69' lang='lat' dir='ltr'>ubicunque</span> <span class='ocrx_word' id='word_1_538' title='bbox 1594 4370 1688 4457; x_wconf 64' lang='lat' dir='ltr'>caefi</span> <span class='ocrx_word' id='word_1_539' title='bbox 1708 4367 1844 4466; x_wconf 78' lang='lat' dir='ltr'>cognitio</span> <span class='ocrx_word' id='word_1_540' title='bbox 1867 4365 1927 4460; x_wconf 79' lang='lat' dir='ltr'>esi.</span> 
     </span>
     <span class='ocr_line' id='line_1_42' title="bbox 315 4462 1928 4565; baseline 0.004 -37"><span class='ocrx_word' id='word_1_541' title='bbox 315 4475 353 4529; x_wconf 80' lang='lat' dir='ltr'>ac</span> <span class='ocrx_word' id='word_1_542' title='bbox 368 4462 508 4553; x_wconf 86' lang='lat' dir='ltr'>proinde</span> <span class='ocrx_word' id='word_1_543' title='bbox 526 4489 576 4533; x_wconf 86' lang='lat' dir='ltr'>res</span> <span class='ocrx_word' id='word_1_544' title='bbox 589 4462 781 4538; x_wconf 86' lang='lat' dir='ltr'>dilationem</span> <span class='ocrx_word' id='word_1_545' title='bbox 796 4473 831 4536; x_wconf 92' lang='lat'>&amp;</span> <span class='ocrx_word' id='word_1_546' title='bbox 846 4491 977 4538; x_wconf 89' lang='lat' dir='ltr'>moram</span> <span class='ocrx_word' id='word_1_547' title='bbox 995 4465 1161 4549; x_wconf 87' lang='lat' dir='ltr'>admittit,</span> <span class='ocrx_word' id='word_1_548' title='bbox 1178 4473 1338 4558; x_wconf 77' lang='lat' dir='ltr'>maiorem</span> <span class='ocrx_word' id='word_1_549' title='bbox 1354 4467 1543 4565; x_wconf 76' lang='lat' dir='ltr'>indaginem</span> <span class='ocrx_word' id='word_1_550' title='bbox 1560 4471 1714 4562; x_wconf 79' lang='lat' dir='ltr'>requirit,</span> <span class='ocrx_word' id='word_1_551' title='bbox 1740 4469 1785 4540; x_wconf 90' lang='lat' dir='ltr'>ibi</span> <span class='ocrx_word' id='word_1_552' title='bbox 1813 4471 1928 4538; x_wconf 79' lang='lat' dir='ltr'>Prata·</span> 
     </span>
     <span class='ocr_line' id='line_1_43' title="bbox 315 4561 1929 4664; baseline 0.005 -36"><span class='ocrx_word' id='word_1_553' title='bbox 315 4584 381 4630; x_wconf 83' lang='lat' dir='ltr'>rein</span> <span class='ocrx_word' id='word_1_554' title='bbox 397 4561 585 4655; x_wconf 76' lang='lat' dir='ltr'>defiderari‚·</span> <span class='ocrx_word' id='word_1_555' title='bbox 610 4561 642 4632; x_wconf 92' lang='lat' dir='ltr'>id</span> <span class='ocrx_word' id='word_1_556' title='bbox 657 4565 719 4639; x_wconf 60' lang='lat' dir='ltr'>esti</span> <span class='ocrx_word' id='word_1_557' title='bbox 745 4591 797 4636; x_wconf 84' lang='lat' dir='ltr'>eas</span> <span class='ocrx_word' id='word_1_558' title='bbox 812 4587 950 4660; x_wconf 74' lang='lat' dir='ltr'>partera</span> <span class='ocrx_word' id='word_1_559' title='bbox 980 4569 1121 4634; x_wconf 77' lang='lat' dir='ltr'>l&#39;ratore</span> <span class='ocrx_word' id='word_1_560' title='bbox 1144 4566 1312 4660; x_wconf 82' lang='lat' dir='ltr'>pullulari¹</span> <span class='ocrx_word' id='word_1_561' title='bbox 1326 4585 1502 4664; x_wconf 80' lang='lat' dir='ltr'>oportere:</span> <span class='ocrx_word' id='word_1_562' title='bbox 1530 4570 1575 4638; x_wconf 80' lang='lat' dir='ltr'>At</span> <span class='ocrx_word' id='word_1_563' title='bbox 1601 4565 1716 4662; x_wconf 82' lang='lat' dir='ltr'>(quod</span> <span class='ocrx_word' id='word_1_564' title='bbox 1739 4563 1929 4636; x_wconf 87' lang='lat' dir='ltr'>addendum</span> 
     </span>
     <span class='ocr_line' id='line_1_44' title="bbox 310 4660 1913 4764; baseline 0.004 -35"><span class='ocrx_word' id='word_1_565' title='bbox 310 4660 381 4750; x_wconf 75' lang='lat' dir='ltr'>ast)</span> <span class='ocrx_word' id='word_1_566' title='bbox 412 4687 480 4731; x_wconf 89' lang='lat' dir='ltr'>non</span> <span class='ocrx_word' id='word_1_567' title='bbox 496 4663 571 4732; x_wconf 89' lang='lat' dir='ltr'>ideo</span> <span class='ocrx_word' id='word_1_568' title='bbox 584 4687 621 4732; x_wconf 85' lang='lat' dir='ltr'>ex</span> <span class='ocrx_word' id='word_1_569' title='bbox 636 4662 818 4734; x_wconf 81' lang='lat' dir='ltr'>iieccffitare</span> <span class='ocrx_word' id='word_1_570' title='bbox 833 4663 874 4734; x_wconf 85' lang='lat' dir='ltr'>ali</span> <span class='ocrx_word' id='word_1_571' title='bbox 889 4689 929 4734; x_wconf 87' lang='lat' dir='ltr'>eo</span> <span class='ocrx_word' id='word_1_572' title='bbox 944 4663 1096 4742; x_wconf 82' lang='lat' dir='ltr'>decerni,</span> <span class='ocrx_word' id='word_1_573' title='bbox 1126 4685 1242 4736; x_wconf 81' lang='lat' dir='ltr'>v&#39;eritrn</span> <span class='ocrx_word' id='word_1_574' title='bbox 1257 4667 1345 4736; x_wconf 85' lang='lat' dir='ltr'>alteri</span> <span class='ocrx_word' id='word_1_575' title='bbox 1362 4671 1499 4764; x_wconf 78' lang='lat' dir='ltr'>quoque</span> <span class='ocrx_word' id='word_1_576' title='bbox 1513 4665 1701 4736; x_wconf 84' lang='lat' dir='ltr'>demandari</span> <span class='ocrx_word' id='word_1_577' title='bbox 1715 4665 1828 4762; x_wconf 71' lang='lat' dir='ltr'>polle.</span> <span class='ocrx_word' id='word_1_578' title='bbox 1907 4704 1913 4724; x_wconf 84' lang='lat'><strong>.</strong></span> 
     </span>
    </p>

    <p class='ocr_par' dir='ltr' id='par_1_15' title="bbox 365 4757 1930 4938">
     <span class='ocr_line' id='line_1_45' title="bbox 365 4757 1927 4871; baseline 0.001 -37"><span class='ocrx_word' id='word_1_579' title='bbox 365 4761 517 4834; x_wconf 86' lang='lat' dir='ltr'>Tandem</span> <span class='ocrx_word' id='word_1_580' title='bbox 529 4765 629 4862; x_wconf 85' lang='lat' dir='ltr'>igitur</span> <span class='ocrx_word' id='word_1_581' title='bbox 643 4757 710 4834; x_wconf 69' lang='lat' dir='ltr'>liic</span> <span class='ocrx_word' id='word_1_582' title='bbox 726 4767 812 4864; x_wconf 85' lang='lat' dir='ltr'>Reg.</span> <span class='ocrx_word' id='word_1_583' title='bbox 830 4760 910 4836; x_wconf 81' lang='lat' dir='ltr'>duas</span> <span class='ocrx_word' id='word_1_584' title='bbox 924 4760 1119 4843; x_wconf 82' lang='lat' dir='ltr'>differentias</span> <span class='ocrx_word' id='word_1_585' title='bbox 1132 4759 1242 4861; x_wconf 63' lang='lat' dir='ltr'>viipnt</span> <span class='ocrx_word' id='word_1_586' title='bbox 1257 4765 1489 4862; x_wconf 68' lang='lat' dir='ltr'>complestitur</span> <span class='ocrx_word' id='word_1_587' title='bbox 1505 4789 1513 4836; x_wconf 83' lang='lat' dir='ltr'>t</span> <span class='ocrx_word' id='word_1_588' title='bbox 1539 4771 1687 4838; x_wconf 84' lang='lat' dir='ltr'>Primum</span> <span class='ocrx_word' id='word_1_589' title='bbox 1703 4816 1715 4849; x_wconf 89' lang='lat'><strong><em>,</em></strong></span> <span class='ocrx_word' id='word_1_590' title='bbox 1742 4765 1927 4871; x_wconf 77' lang='lat' dir='ltr'>mter-Ptre-</span> 
     </span>
     <span class='ocr_line' id='line_1_46' title="bbox 1822 4886 1930 4938; baseline 0 -1"><span class='ocrx_word' id='word_1_591' title='bbox 1822 4886 1930 4938; x_wconf 90' lang='lat' dir='ltr'>torem</span> 
     </span>
    </p>
   </div>
   <div class='ocr_carea' id='block_1_13' title="bbox 0 0 2366 5928">
    <p class='ocr_par' dir='ltr' id='par_1_16' title="bbox 0 0 2366 5928">
     <span class='ocr_line' id='line_1_47' title="bbox 0 0 2366 5928; baseline 0 0"><span class='ocrx_word' id='word_1_592' title='bbox 0 0 2366 5928; x_wconf 95' lang='lat' dir='ltr'> </span> 
     </span>
    </p>
   </div>
  </div>
 </body>
</html>
