4724 5930
442 593 684 668 neretum.
699 587 882 667 erute.
898 589 1011 676 roo.
1027 587 1125 659 rut.
1141 585 1517 674 cotueourrsr.
1536 535 1827 666 erueturoo.
1909 622 1951 688 ι,

341 691 465 795 relligi,
491 694 547 769 ali·
561 696 725 768 NULLA
736 690 849 798 petitio
865 689 926 786 est,
952 687 1045 762 idest
1058 685 1114 758 ubi
1127 687 1182 760 ate
1192 713 1214 756 o
1229 687 1337 798 inertis
1353 685 1417 765 est,
1444 686 1546 762 veluti
1557 711 1694 785 propter
1710 685 1949 792 exceptionem,

341 801 366 868 l.
380 801 478 874 leole,
507 796 545 866 de
558 793 621 866 reb.
635 793 747 866 credie.
765 789 822 863 ubi
833 787 989 862 naturalis
1004 807 1135 860 tantum
1148 785 1305 898 obligatio
1320 787 1489 858 conterere
1503 785 1560 862 est.
1574 792 1614 864 Et
1626 787 1692 866 hec
1705 789 1840 884 hujusce
1862 797 1948 895 Reg.

344 887 503 969 sententia
524 895 590 976 est,
616 890 712 994 quod
734 895 833 965 etiam
846 887 986 963 ostendit
1012 893 1065 963 lex
1080 891 1112 984 fi
1127 889 1269 994 pupillus
1290 899 1370 974 ¹27·
1395 894 1441 962 D.
1455 888 1493 959 de
1507 895 1548 964 V.
1564 895 1608 964 Ο.
1622 887 1710 966 unde
1723 891 1791 966 hac
1802 919 1951 994 excerpta

342 995 504 1186 estliujus
516 1099 604 1193 Reg.
619 1086 758 1189 speciem
771 1112 808 1162 ut
822 1111 1014 1163 teneamus.
1038 1089 1101 1160 tria
1114 1088 1192 1180 juris
1209 1086 1369 1182 principia
1379 1077 1662 1181 praesupponenda
1676 1082 1774 1166 sunt.-
1828 1119 1860 1167 r.
1888 1094 1945 1172 Fi.

198 1240 207 1247 ·
343 1194 524 1289 dejeffirem
538 1193 690 1266 accedere
708 1185 797 1288 polle
819 1187 957 1262 naturali
972 1183 1191 1287 obligationi,
1216 1189 1239 1262 1.
1247 1183 1418 1288 stipuletur
1432 1187 1455 1256 l.
1462 1183 1529 1284 fiq,
1545 1197 1584 1270 όν
1597 1192 1618 1258 l.
1625 1181 1799 1284 ssdffnfflir.
1815 1195 1844 1270 §.
1856 1219 1947 1268 anre.

340 1315 415 1398 pen.
431 1305 476 1369 D.
489 1297 527 1366 de
537 1289 707 1390 fidejussor.
760 1318 791 1362 2.
808 1297 946 1366 Moram
961 1313 1051 1360 areo
1066 1283 1236 1382 principali
1249 1281 1417 1360 admiffam
1443 1281 1615 1378 fidejussori
1638 1313 1776 1389 quoque
1800 1318 1948 1370 nocere:
2053 1317 2056 1324 ¹
2093 1351 2096 1358 .

349 1392 391 1465 de
406 1419 477 1490 quo
492 1419 570 1466 mox
585 1397 618 1462 δι
629 1391 751 1478 adl.r7
760 1388 945 1484 3.§.2.infr.
976 1417 1008 1487 3.
1025 1375 1190 1480 Pupillum
1205 1381 1271 1461 line
1283 1387 1402 1460 tutoris
1415 1385 1609 1462 tudoritate
1622 1389 1811 1463 naturaliter
1820 1413 1951 1468 tantum

347 1490 501 1592 obligari;
527 1486 680 1564 adversus
692 1515 767 1562 eum
779 1494 868 1562 enim
883 1488 970 1561 nulla
981 1485 1212 1589 civilirpetitio
1226 1483 1271 1556 est
1287 1529 1299 1562 a
1321 1487 1343 1556 l.
1363 1509 1394 1559 r.
1412 1491 1458 1559 D.
1473 1485 1512 1558 ele
1522 1511 1630 1558 moer.
1644 1491 1667 1558 l.
1674 1492 1707 1588 fi
1718 1493 1786 1580 ejus
1797 1491 1916 1600 pupilli
1934 1545 1946 1577 ‚

295 1573 301 1598 ⁸
348 1590 385 1664 in
397 1591 504 1697 princ.
519 1593 563 1665 ed
580 1587 715 1664 Trebell.
728 1593 753 1661 l.
768 1617 843 1664 cerm
858 1585 965 1670 illud,
991 1589 1020 1664 i.
1034 1585 1138 1664 her'es,
1164 1593 1211 1662 D.
1226 1584 1353 1682 quande
1368 1581 1435 1660 dier
1454 1587 1545 1686 legar.
1571 1587 1674 1658 Nunc
1698 1585 1742 1660 fin
1787 1617 1885 1676 mur,
1912 1613 1952 1663 tu

349 1689 493 1787 pupillus
511 1690 575 1764 line
589 1691 710 1762 tutoris
725 1692 773 1760 rui
787 1689 982 1762 auderitate
994 1684 1145 1760 Stichum
1158 1679 1288 1754 servum
1300 1681 1473 1782 promisisti
1486 1737 1496 1768 ‚
1507 1709 1628 1786 meque
1643 1683 1738 1780 fideju
1764 1687 1859 1760 'orem
1873 1689 1954 1762 inid

279 1851 282 1859 ,
349 1789 481 1863 dediti:
507 1799 592 1865 Mox
606 1813 736 1861 moram
752 1784 902 1860 admifisti
916 1789 951 1858 in
968 1781 1060 1858 servo
1073 1782 1274 1880 prestando:
1300 1783 1375 1856 Post
1389 1807 1519 1857 moram
1543 1783 1673 1862 decessit
1695 1782 1826 1865 servus:
1852 1799 1954 1882 Quae.

352 1893 458 1972 titur,
483 1917 525 1964 an
539 1915 602 1990 ego
615 1882 776 1984 fidejussor
791 1908 927 1984 propter
941 1907 1033 1963 tuam
1043 1907 1175 1956 moram
1187 1881 1351 1981 obligatus
1367 1879 1449 1952 sune
1475 1883 1581 1970 Quod
1603 1907 1699 1984 negat
1727 1886 1870 1986 Scaeeola
1883 1890 1917 1960 d.
1929 1893 1954 1961 1,

355 2013 437 2079 127.
453 1988 636 2064 Dubitandi
651 1989 734 2060 ratio
747 2010 815 2060 erat
829 2039 840 2070 ‚
854 1988 933 2080 quia
945 1982 1020 2056 alios
1037 1983 1227 2054 moram'tei
1241 1977 1416 2056 fideiussori
1428 2007 1566 2077 quoque
1578 1985 1699 2062 nocere
1712 1987 1839 2063 constat
1851 1992 1875 2060 l.
1893 1993 1954 2080 49‘.
2046 2027 2052 2036 ·

288 2183 291 2197 .
315 2125 316 2130 η
351 2103 392 2176 &2
411 2093 469 2162 88,
490 2090 586 2164 ade
604 2095 643 2160 V,
664 2093 706 2160 0.
725 2081 1094 2185 Ι,]ἰφιιίβίιιιὶοιιὶ,ξ.
1114 2107 1147 2172 5.
1166 2089 1212 2154 D.
1229 2082 1267 2152 de
1283 2079 1410 2170 esteris,
1431 2087 1456 2154 l.
1474 2084 1575 2172 58·§·
1599 2086 1875 2182 1.D,fidejuff.l.
1899 2113 1953 2159 10.

352 2199 401 2265 D.
417 2217 483 2260 rem
516 2186 610 2303 upilli
621 2185 705 2276 fitlv.
713 2187 804 2279 fele:
829 2189 959 2256 Verum
981 2183 1065 2259 hane
1085 2176 1256 2252 decidendi
1279 2182 1446 2254 'rationem
1465 2184 1604 2274 opponit
1630 2186 1772 2258 Scaevola
1785 2187 1818 2257 d.
1834 2191 1856 2260 l.
1876 2208 1956 2274 ¹²7·

355 2287 452 2384 quod
468 2215 631 2360 fiderulsor
642 2311 681 2357 ex
691 2313 779 2358 mere
793 2284 949 2358 debitoris
965 2279 1151 2380 obligetur,
1165 2275 1222 2350 ubi
1238 2275 1367 2348 debitor
1380 2283 1450 2370 iure
1464 2281 1548 2380 exigi
1559 2286 1695 2376 potuit:
1710 2310 1784 2380 quae
1807 2283 1960 2384 ipsrffima

353 2390 400 2464 est
411 2390 507 2460 huius
523 2392 610 2485 Reg.
624 2380 802 2457 sententia:
830 2383 959 2479 Atquin
976 2383 1010 2452 in
1023 2375 1197 2475 proposito
1211 2372 1285 2448 casu
1298 2376 1511 2472 principalem
1533 2403 1718 2461 teumnon
1729 2381 1788 2455 nist
1801 2385 1959 2460 naturali-

354 2509 404 2560 ter
418 2488 623 2588 obligatum‚
649 2505 719 2557 non
736 2483 896 2568 civiliter,
921 2505 996 2576 qua
1009 2478 1112 2552 civilis
1127 2475 1285 2578 obligatio
1301 2472 1368 2548 sola
1383 2472 1548 2550 efficarest
1563 2477 1830 2578 adpetitionem:
1856 2483 1960 2558 Deni-

355 2613 424 2684 que
438 2613 507 2659 non
522 2584 656 2682 proprie
672 2583 841 2658 debitorem
865 2575 947 2660 else,
974 2601 1091 2676 utpote
1106 2603 1125 2649 a
1138 2601 1210 2672 quo
1224 2577 1332 2648 invito
1346 2578 1428 2677 exigi
1441 2580 1579 2672 pecunia
1602 2605 1672 2651 non
1695 2579 1813 2678 possit,
1835 2587 1861 2658 l.
1880 2585 1960 2654 108.

354 2695 403 2763 D.
419 2689 456 2759 cle
474 2695 514 2760 V.
531 2695 564 2758 S.
579 2687 658 2779 quia
672 2687 729 2772 (ut
744 2685 778 2756 h.
792 2683 816 2755 l.
829 2678 973 2774 dicitur)
1000 2676 1090 2750 nulla
1100 2677 1217 2773 petitio
1229 2675 1293 2747 est.
1319 2675 1488 2746 Naturalis
1502 2681 1591 2752 enim
1605 2676 1814 2786 obligationis
1839 2682 1891 2753 hic
1914 2679 1962 2751 ef.

271 2793 274 2798 '
356 2785 461 2860 sedus
473 2786 540 2870 est,
567 2807 605 2855 ut
620 2779 837 2878 fidejussorem
852 2779 1004 2856 adrnirtat
1013 2831 1026 2866 ‚
1041 2797 1079 2850 ut
1091 2767 1366 2875 compensationis
1382 2777 1571 2870 aequitatem
1585 2784 1620 2854 δι
1638 2779 1774 2854 indebiti
1795 2775 1892 2856 soluti
1912 2803 1962 2850 re·

358 2891 542 2958 tentionem
557 2882 719 2968 inducat,
735 2907 806 2956 non
821 2883 920 2956 etiam
935 2880 1150 2974 petitionem.
1164 2871 1316 2973 Tandem
1328 2876 1374 2944 ita
1389 2868 1616 2950 subsumantur
1625 2871 1679 2948 seu
1694 2875 1769 2952 colli
1794 2901 1911 2962 ornus,
1926 2898 1964 2950 ut

357 3011 454 3056 mora
469 2977 600 3054 admissa
615 2981 777 3052 ditatura
791 3005 869 3060 reo,
896 2971 1030 3072 ejusque
1046 2973 1184 3044 nomine
1197 2965 1360 3062 fidejussor
1384 2991 1552 3055 teneatur,
1582 2973 1711 3052 civilem
1725 2905 1964 3079 obligationem

359 3070 515 3152 substerni
527 3075 717 3174 &supponi
733 3098 867 3173 oportet
883 3098 901 3160 ‚·
919 3073 990 3144 non
1008 3065 1189 3160 naturalem
1203 3087 1336 3137 raretum
1349 3099 1361 3142 .·
1374 3093 1454 3142 nam
1469 3065 1492 3141 st
1510 3070 1664 3146 naturalis
1679 3093 1811 3146 rantum
1827 3070 1964 3148 subster-

361 3201 484 3264 natur,
509 3173 672 3268 fidejussbr
684 3179 718 3247 in
735 3177 800 3250 hoe
814 3196 945 3246 rantum
962 3166 1126 3272 obligatus
1143 3164 1210 3250 est,
1236 3185 1274 3240 ut
1287 3167 1367 3240 rivo
1378 3166 1517 3244 homine
1537 3170 1698 3272 promislir
1721 3179 1967 3258 conveniatur,

366 3277 419 3349 vel
434 3305 472 3350 ex
486 3302 582 3350 moro
593 3271 650 3348 sua
662 3274 794 3370 postea,
818 3273 852 3348 el.
868 3279 891 3345 l.
913 3297 992 3359 ¹27·

409 3375 490 3455 'lam
505 3378 604 3474 igitur
622 3369 749 3446 lacessat
760 3376 865 3445 inanis
879 3375 1098 3462 interpretum
1113 3359 1327 3462 quorundam
1339 3361 1451 3454 labor,
1475 3369 1536 3464 qui
1556 3366 1599 3442 de
1618 3367 1737 3445 affeetu
1763 3400 1865 3452 morae
1879 3374 1965 3450 hanc

360 3475 450 3574 Reg.
465 3465 646 3569 recipiunt:
671 3468 923 3546 Defeuoibus.
943 3470 1082 3562 inquam
1094 3511 1103 3544 ι
1117 3459 1352 3537 acceffiouibus
1366 3519 1376 3549 ,
1392 3461 1496 3542 usuris
1515 3471 1602 3566 (quo
1615 3475 1756 3566 pertinet
1768 3471 1842 3566 sane
1857 3472 1967 3546 samo-

363 3568 397 3645 sa
410 3577 444 3646 d.
459 3579 512 3645 lex
529 3577 605 3645 lette
630 3583 675 3646 D.
688 3575 727 3643 de
738 3571 802 3644 reb.
817 3569 956 3661 credie.)
974 3573 1008 3636 δι
1024 3561 1172 3660 periculo
1186 3563 1250 3634 rei.
1276 3563 1389 3634 Sed&
1403 3570 1629 3666 nequicquam
1655 3572 1732 3645 huic
1759 3579 1844 3674 Reg.
1860 3570 1966 3646 obstat

361 3677 415 3744 lex
434 3701 466 3766 5.
482 3676 557 3746 Cod.
572 3673 610 3744 de
623 3673 763 3744 cannah.
775 3671 886 3785 stipul.
899 3675 923 3742 l.
942 3693 976 3757 9.
994 3689 1074 3756 115·
1088 3668 1118 3742 §-
1131 3667 1195 3736 relt.
1211 3670 1257 3734 D.
1269 3663 1309 3736 ele
1325 3671 1366 3736 V.
1386 3673 1497 3741 0.1ex
1515 3695 1545 3741 t.
1562 3679 1609 3745 D.
1629 3672 1668 3742 de
1694 3696 1779 3776 penu
1802 3679 1863 3774 leg.
1889 3678 1910 3745 l.
1933 3699 1964 3747 r.

363 3775 394 3852 5.
401 3777 433 3868 fi
441 3801 528 3853 rem,
553 3779 598 3845 D.
613 3773 657 3844 ad
671 3779 713 3845 L.
730 3771 852 3843 Falcrd.
878 3771 955 3870 quia
965 3767 1002 3839 in
1021 3759 1123 3858 specie
1135 3759 1264 3833 illarum
1278 3761 1389 3864 legum
1405 3766 1455 3844 ,de
1478 3769 1598 3864 poenali
1620 3770 1825 3870 stipulatione
1839 3773 1968 3872 agitur,

364 3873 401 3944 in
418 3899 495 3944 eum
510 3865 645 3957 casum,
662 3876 694 3967 ſs
702 3868 880 3958 conditioni
912 3864 1035 3938 irritum
1048 3889 1109 3935 nen
1116 3859 1227 3957 feeiffet
1237 3911 1248 3944 ,
1275 3885 1347 3958 quo
1360 3859 1434 3935 casu
1451 3867 1496 3937 nil
1510 3871 1632 3944 mirum
1658 3867 1725 3950 est',
1755 3871 1778 3944 sr
1803 3868 1968 3962 fidepullbr

367 3993 535 4044 teneatur.
563 3977 648 4042 Item
663 3891 912 4046 adversuslranl
928 3969 1014 4064 Reg.
1031 3961 1076 4034 nil
1086 3959 1189 4044 licit,
1215 3961 1309 4062 quod
1324 3963 1436 4068 multis
1449 3970 1529 4060 juris
1542 3967 1679 4070 textibus
1694 3969 1968 4070 'comprobatum

369 4067 425 4141 etli
442 4069 530 4148 nulla
544 4073 663 4167 petitio
677 4065 733 4144 fiat
742 4119 766 4152 ,,
780 4093 912 4140 moram
927 4087 1037 4138 tamen
1054 4057 1134 4158 sepe
1151 4057 1241 4146 fieri,
1271 4065 1348 4161 quia
1364 4057 1482 4144 scilicet
1494 4063 1560 4164 ipse
1572 4068 1641 4142 dies
1654 4066 1733 4166 saepe
1744 4097 1806 4168 pro
1831 4071 1971 4141 bomine

291 4167 295 4173 ’
366 4168 572 4266 interpellat.-
598 4169 679 4253 Nil,
703 4173 865 4266 inquam,
891 4165 988 4247 satit,
1004 4163 1082 4262 quia
1095 4161 1164 4232 baec
1177 4165 1276 4238 verba
1288 4161 1344 4234 ubi
1356 4170 1445 4237 nulle
1454 4168 1567 4271 petitio
1581 4171 1645 4265 est,
1658 4169 1701 4246 ad
1712 4183 1762 4266 jus
1778 4164 1966 4266 respiciunt,

261 4281 263 4286 ’
368 4291 441 4337 non
456 4269 497 4338 ad
508 4267 653 4355 salbum:
680 4270 725 4342 est
737 4272 827 4339 enim
842 4261 950 4338 sensus
962 4262 1037 4341 hic.
1061 4258 1117 4332 ubi
1129 4259 1261 4338 debitor
1274 4269 1346 4354 jure
1358 4269 1439 4367 erigi
1455 4295 1524 4340 non
1540 4277 1671 4367 potuit,
1698 4272 1753 4346 ubi
1782 4273 1900 4368 petitio
1914 4263 1971 4340 seu

370 4366 458 4436 ollio
473 4369 576 4460 inanis
588 4363 683 4448 esset,
710 4369 794 4440 utel.
811 4371 834 4438 l.
850 4369 954 4448 lesia,
979 4371 1027 4436 D.
1039 4361 1077 4432 de
1090 4359 1153 4432 reb.
1167 4365 1280 4439 credie.
1298 4367 1436 4447 Potitio,
1463 4394 1526 4465 pro
1553 4373 1681 4446 actione
1700 4373 1735 4445 lt.
1756 4371 1779 4444 l.
1805 4381 1844 4454 (b
1867 4373 1890 4438 l.
1910 4393 1967 4460 13.

362 4463 457 4576 supp.
471 4469 533 4634 lpi
540 4493 596 4579 ².7'
608 4476 658 4546 D·
674 4455 713 4540 ile
729 4477 770 4542 V.
784 4473 827 4542 0.
841 4471 864 4541 l.
876 4463 1036 4570 emplius,
1063 4469 1112 4538 D.
1123 4486 1189 4534 rem
1200 4490 1307 4538 ratem
1329 4467 1457 4542 lebni.
1482 4469 1677 4570 Eodemque
1701 4465 1793 4546 sensu
1812 4491 1915 4572 perere
1932 4473 1969 4540 ot

365 4585 486 4666 petitor
534 4589 637 4638 citur.

423 4663 723 4736 Postremum'illud
737 4663 945 4742 monendum
960 4657 1118 4760 superest,
1143 4685 1255 4738 toturn
1268 4665 1335 4740 boc
1349 4645 1443 4765 quod
1454 4695 1473 4740 a
1486 4670 1630 4742 Scaevola
1645 4673 1824 4748 tradatur,
1837 4637 1970 4740 erath-

372 4781 446 4833 tum
460 4759 550 4834 fuisse
565 4761 735 4836 occostone
749 4765 893 4836 edieride
909 4773 990 4853 Jure
1004 4763 1217 4850 deliberandi,
1242 4767 1338 4862 quod
1349 4773 1551 4864 proponitur
1563 4776 1587 4844 l.
1602 4799 1637 4860 7.
1653 4781 1701 4844 D.
1716 4771 1754 4840 de
1757 4773 1832 4860 jur.
1845 4765 1971 4845 deliber.
2053 4789 2056 4794 “

284 4928 289 4937 .
372 4883 447 5010 quo
457 4857 578 4938 scilicet
587 4867 675 4938 iutra
689 4887 820 4966 tempus
840 4861 1038 4940 deliberandi
1058 4864 1175 4964 pupilli
1198 4867 1337 5044 regmipe
1356 4863 1558 4968 postulatum
1578 4871 1667 4946 bona
1687 4871 1810 4947 interea
1831 4867 1972 4943 diminui
2022 4895 2025 4898 ‘¹

1884 4971 1971 5042 Prae·
