4692 5960
1265 381 1302 451 0

425 575 485 646 oe
514 546 909 655 exenerrounus,
936 576 998 644 ιιι.
1015 567 1152 644 corr.
1169 569 1322 642 rnrer.
1347 568 1733 644 Renorrrtsxvn.
1814 571 1880 662 ιι.
1984 593 1994 612 ·

276 674 329 748 nis
342 677 519 768 quaritur,
542 673 629 746 aliud
644 672 794 772 profesto
808 670 1023 754 divendere,
1046 667 1135 740 aliud
1150 667 1305 740 vendenti
1317 663 1525 742 consentire:
1539 673 1633 742 Nam
1649 669 1705 744 ubi
1718 674 1793 768 quis
1810 697 1881 745 rem

275 767 342 868 ipse
356 771 557 854 vendiderit,
585 799 623 845 ut
637 777 826 870 exceptione
840 774 885 844 rei
899 769 1040 844 venditae
1055 767 1231 864 repellatur
1247 813 1258 846 .
1284 769 1358 839 latis
1375 768 1456 842 estsr
1473 767 1569 842 vend'
1614 769 1679 855 rit,
1702 798 1810 869 neque
1828 771 1880 844 ul-

267 893 328 943 tra
342 875 524 967 quicquam
538 875 717 970 quaritur„
738 872 891 970 rnlrilque
904 867 1059 953 interest,
1105 895 1145 941 ua
1163 865 1273 940 forma
1285 916 1296 948 ,
1310 892 1387 963 ‘quo
1408 874 1518 964 pretio
1536 893 1578 941 ve
1625 871 1738 950 rderit,
1766 870 1879 960 (dum-

274 970 381 1044 modo
393 971 533 1044 neultra
548 971 718 1044 dimidiam
736 973 809 1064 justi
833 971 949 1068 pretii)
977 894 1139 1042 laesusleu
1152 991 1266 1064 captus
1280 967 1396 1040 suerit.
1416 975 1502 1040 Item
1517 967 1566 1040 nil
1579 970 1709 1042 interest
1719 994 1801 1042 ante·
1811 993 1879 1046 tra*

274 1067 435 1142 ditionem
451 1123 462 1155 ‚
490 1074 633 1165 pretium
649 1067 794 1145 solutum
807 1069 928 1158 suerit,
954 1095 1016 1142 nec
1030 1091 1095 1148 nes
1122 1071 1155 1140 Si
1171 1093 1252 1140 vero
1266 1067 1428 1140 mandatu
1443 1063 1497 1139 seu
1510 1063 1669 1142 consensu
1682 1067 1812 1142 domini
1828 1096 1877 1148 res

272 1172 343 1260 ejus
359 1167 401 1240 ab
416 1167 481 1240 alio
494 1169 626 1242 vendita
640 1169 700 1250 srt,
725 1167 806 1244 illud
822 1163 946 1266 semper
962 1166 1177 1264 quarendum
1192 1162 1357 1262 superest,
1378 1189 1496 1240 utrum
1508 1193 1545 1241 ea
1558 1165 1732 1239 formares
1746 1168 1880 1240 vendita
1951 1169 1965 1206 ·'

274 1264 403 1346 fuerit,
429 1287 497 1362 qua
507 1271 703 1342 mandatum
716 1267 782 1354 est,
810 1268 874 1340 sive
901 1265 1043 1341 modum
1066 1265 1292 1351 venditionis,
1319 1264 1384 1338 sne
1408 1271 1455 1338 rei
1475 1265 1879 1350 venditoetraditionem,

275 1359 399 1460 spectes
414 1388 452 1438 ut
470 1365 581 1440 definit
598 1369 763 1466 Ulpianus
788 1369 822 1440 in
840 1371 874 1441 d.
887 1373 910 1441 l.
928 1391 959 1440 ι.
984 1369 1103 1462 squam
1116 1363 1204 1437 ¹huic
1221 1365 1489 1466 conjungendam
1508 1366 1658 1459 ostendi)
1683 1369 1718 1444 ‘§.
1739 1389 1772 1439 2.
1786 1377 1826 1449 ci
1845 1395 1876 1459 3.

274 1467 369 1538 Nam
382 1485 462 1536 tum·
474 1467 607 1540 vendita
624 1497 693 1542 non
706 1466 862 1541 videtur.
889 1476 973 1540 lteru
996 1465 1299 1570 fidejurepersonae
1322 1489 1506 1561 quaeratur,
1531 1489 1605 1536 tum
1629 1465 1716 1538 idem
1735 1470 1877 1539 omnino

271 1563 321 1634 est
335 1609 345 1642 ‚
370 1561 512 1638 vendere
526 1573 561 1638 δε
574 1568 731 1643 vendenti
744 1563 953 1640 consentire.-
978 1573 1010 1638 Is
1022 1569 1146 1663 quippe
1164 1565 1347 1637 venditioni
1360 1559 1545 1638 consentire
1558 1565 1663 1660 potest
1674 1569 1734 1662 qui
1746 1572 1781 1637 δι
1795 1593 1877 1638 ven-

273 1660 354 1734 dete
363 1663 487 1758 potest:
514 1671 550 1737 dt
566 1691 653 1740 retro
669 1671 721 1742 cui
730 1663 874 1740 vendere
890 1675 927 1737 dt
941 1665 1078 1738 alienare
1090 1691 1163 1736 non
1181 1663 1255 1738 licet
1273 1716 1285 1750 ,
1308 1687 1388 1736 eum
1408 1689 1471 1736 nec
1484 1663 1672 1736 alienationi
1693 1658 1877 1736 consentire

274 1757 323 1832 sas
337 1761 401 1835 eil.
428 1771 644 1862 Quamquam
652 1765 811 1840 libertatis
828 1764 941 1839 favore
952 1769 1067 1838 minor
1084 1789 1141 1838 ao.
1157 1769 1250 1838 antris
1266 1768 1324 1861 qui
1341 1755 1649 1858 nnrrumittereipse
1666 1787 1735 1833 non
1751 1765 1878 1856 potest,

272 1865 522 1936 manumittenti
534 1888 646 1940 tamen
661 1861 848 1940 consentite
860 1865 966 1961 potest
981 1891 1019 1936 ex
1031 1859 1187 1936 sententia
1210 1861 1309 1959 ipsrus
1325 1863 1488 1958 Ulpiani,
1514 1869 1537 1934 1.
1555 1891 1587 1934 a.
1605 1871 1651 1934 D.
1666 1864 1704 1934 de
1729 1889 1872 1934 manum.

278 1957 374 2032 vind.
391 1966 427 2032 dt
442 1961 565 2040 loliani
575 1969 598 2038 l.
618 1993 649 2039 ι.
668 1967 702 2038 d.
714 1990 740 2037 e.
756 1966 788 2038 d.
801 1970 825 2038 1.
843 1974 884 2036 16
890 1991 921 2057 5.
937 1963 1026 2057 infra
1042 2015 1053 2047 ,
1078 1963 1111 2034 b.
1124 1987 1151 2036 t.
1167 1973 1207 2046 ci·
1222 1968 1246 2034 s.
1261 1989 1293 2034 a.
1313 1973 1348 2035 C.
1355 1968 1387 2058 fi
1400 1963 1526 2054 advers]
1537 1964 1645 2034 dunat.

289 2153 291 2158 ι
323 2065 437 2146 Quare
449 2061 620 2158 probanda
633 2089 703 2138 non
716 2065 761 2136 est
770 2063 929 2164 bulgari.
956 2057 1103 2135 Accurlii
1126 2069 1166 2134 dt
1191 2055 1380 2158 sequacium
1398 2062 1653 2158 interpretatio,
1677 2081 1755 2158 quae
1776 2059 1877 2134 etiam
2001 2095 2004 2104 ¹

270 2155 453 2254 aliquando
466 2165 597 2254 cujacii
612 2163 675 2236 fuit
686 2215 695 2243 ‚
708 2165 772 2260 qui
787 2164 885 2255 hujus
901 2169 986 2264 Reg.
1003 2163 1089 2237 hanc
1103 2153 1295 2234 sententiam
1307 2157 1368 2234 else
1380 2161 1520 2236 volunt:
1535 2181 1656 2256 nempe
1668 2159 1878 2233 venditorem

274 2258 322 2328 tei
335 2249 422 2338 ΓΜ,
445 2255 504 2332 etsi
519 2263 662 2358 pretium
677 2260 832 2336 nondum
845 2263 1030 2360 acceperit,
1052 2262 1228 2332 enesionis
1244 2263 1381 2333 nomine
1399 2261 1505 2334 teneri
1533 2261 1648 2356 [quod
1665 2259 1801 2355 quidem
1821 2283 1878 2330 ve-

272 2353 429 2440 rnunst,
454 2361 477 2444 l,
493 2367 526 2433 6.
549 2363 622 2435 Cod.
636 2364 677 2434 de
689 2361 851 2454 avidiore.)
883 2365 1017 2436 Arenim
1031 2385 1109 2432 eum
1125 2362 1184 2456 qui
1203 2355 1366 2434 consensrt
1382 2379 1516 2432 tantum
1527 2355 1713 2432 venditioni
1726 2361 1775 2430 ‘rei
1788 2353 1850 2428 suae
1864 2412 1875 2444 ,

272 2453 315 2528 de
328 2457 575 2534 eviuionenon
589 2461 716 2541 teneri,
739 2459 803 2532 nili
819 2465 961 2556 pretium
971 2453 1103 2553 insuper
1116 2461 1297 2554 acceperit:
1323 2459 1429 2547 Quod
1443 2453 1561 2530 salsum
1580 2457 1649 2531 est:
1675 2456 1733 2530 etsr
1748 2458 1812 2528 niti
1826 2461 1878 2528 vi.

270 2551 414 2626 deantur
427 2555 550 2661 illilege
563 2557 697 2658 quidm
715 2582 770 2632 ιι.
783 2569 829 2633 D.
844 2561 882 2632 de
894 2557 1039 2634 minim.
1067 2553 1121 2629 sed
1143 2557 1253 2636 male.
1279 2559 1321 2628 In
1343 2555 1589 2654 sedisquidem
1616 2559 1807 2628 narratione
1833 2555 1879 2628 ibi

269 2646 443 2728 consultor
457 2661 663 2732 mentionem
678 2655 757 2733 sacit
772 2659 868 2756 pretii
883 2655 1029 2752 accepti,
1056 2649 1111 2728 sed
1125 2657 1233 2734 JCtus
1252 2655 1394 2726 Scavola
1406 2657 1442 2726 in
1458 2650 1614 2752 responso
1626 2650 1685 2726 suo
1702 2711 1712 2739 ,
1729 2654 1774 2726 nil
1790 2655 1878 2727 aliud

266 2773 486 2852 urgetquam
496 2751 983 2854 praesentiam&eonsensum,
1007 2751 1281 2826 urdeevieuone
1304 2749 1485 2828 mlieredes
1504 2775 1695 2834 nonanta„
1722 2755 1877 2855 Respondi
1938 2785 1939 2790 Ἰ
2087 2715 2089 2720 ·
2126 2735 2130 2746 ,
2171 2729 2175 2736 ,

266 2852 352 2950 lego
367 2855 523 2948 scevola)
546 2853 747 2952 ficaheredes
765 2853 919 2956 presentes
944 2852 1139 2947 adsuerunt,
1158 2871 1219 2922 ner
1234 2850 1441 2942 difiensernnt
1456 2899 1468 2936 ,
1485 2847 1602 2927 uideri
1622 2853 1723 2926 nnius
1745 2877 1878 2952 uunqvae

266 2971 394 3050 partem
403 2951 500 3040 snam
512 2953 707 3044 uendidisse.
734 2955 775 3024 Et
786 2955 832 3024 ita
844 2949 980 3048 quidem
988 2953 1093 3025 etiam
1105 2949 1148 3022 ad
1161 2971 1233 3022 earn
1244 2949 1267 3022 l.
1282 2944 1384 3022 sensas
1393 2956 1547 3042 Cuiatips
1559 3003 1570 3036 ‚
1585 2949 1670 3023 'satis
1684 2981 1702 3024 e
1726 2979 1743 3025 e
1760 2948 1778 3020 s
1772 2953 1877 3024 cilicet

272 3043 459 3122 venditioni
471 3045 729 3124 consensuum.
754 3053 811 3123 Sic
825 3071 964 3148 qunque
978 3045 1125 3123 creditor
1139 3051 1198 3145 qui
1213 3049 1361 3150 pignoris
1372 3048 1560 3123 venditioni
1578 3047 1741 3124 consentit
1757 3053 1876 3150 pignus

270 3142 438 3229 dimittit,
462 3155 505 3222 i.r
514 3153 570 3243 5'8.
582 3151 714 3256 septas.
728 3177 759 3223 a.
777 3176 811 3241 4.
826 3154 887 3222 velt.
904 3150 978 3224 eod.
993 3151 1033 3221 de
1046 3147 1163 3239 remisi.
1174 3149 1263 3252 pign.
1290 3154 1356 3250 dee.
1386 3152 1437 3224 Sic
1453 3147 1670 3235 frudluarius,
1696 3179 1767 3249 quo
1792 3178 1877 3224 con·

272 3237 432 3320 sentiente
447 3254 682 3346 proprietarius
696 3247 840 3322 fundum
853 3245 1275 3328 vmdidnmfumfruuum
1289 3247 1398 3343 postea
1406 3243 1603 3335 vindicans,
1629 3247 1698 3322 doli
1714 3254 1875 3348 exceptio.

272 3367 318 3512 :le
328 3346 499 3510 periclitor
515 3402 526 3434 ,
549 3373 660 3448 neque
672 3348 881 3450 distinguitur
897 3401 910 3435 ,
933 3351 1079 3445 pretium
1101 3348 1183 3443 juris
1198 3342 1246 3420 sui
1259 3351 1421 3446 acceperit
1442 3369 1507 3422 nec
1523 3375 1565 3422 ne
1575 3355 1640 3450 lege
1655 3381 1692 3442 4.
1709 3355 1742 3429 §.
1760 3377 1772 3422 ι
1786 3380 1817 3423 2.
1832 3360 1877 3424 D.

298 3469 314 3512 e
352 3440 394 3516 oli
408 3475 484 3520 exce
504 3468 529 3521 r.
1597 3495 1602 3503 ·

325 3545 370 3612 Ex
394 3543 444 3618 his
457 3469 522 3642 jain
535 3571 688 3643 apparet,
714 3569 817 3646 quam
830 3545 938 3620 inanis
954 3539 992 3619 stt
1006 3551 1198 3622 Graecorum
1213 3541 1255 3620 ad
1268 3543 1400 3622 lrancR
1445 3545 1532 3620 ulam
1552 3542 1669 3645 speeies
1684 3574 1691 3619 ·:
1708 3553 1765 3646 qui
1781 3571 1872 3630 rem,

273 3641 457 3805 inpuiunt,
479 3645 618 3718 alienam
632 3645 764 3724 vendit,
788 3651 823 3724 in
833 3645 976 3743 duplum
992 3649 1228 3736 tenetut.'Qui
1237 3673 1316 3720 vero
1332 3673 1399 3720 rem
1430 3672 1505 3720 uam
1520 3647 1675 3720 vendenti
1688 3645 1875 3734 consentit,

271 3738 305 3830 ip
321 3763 374 3809 am
389 3743 511 3815 amittit
527 3797 536 3818 .
560 3751 647 3818 Item
663 3801 675 3831 ,
699 3752 803 3844 quani
819 3745 865 3817 nil
877 3773 1058 3819 commune
1072 3745 1187 3819 habeat
1202 3743 1271 3818 lraec
1287 3753 1373 3852 Reg.
1387 3747 1469 3819 eum
1482 3752 1505 3820 l.
1523 3775 1578 3819 ar.
1591 3747 1714 3850 stapris,
1740 3773 1810 3844 quo
1826 3770 1873 3816 ta-

273 3861 350 3918 men
367 3845 562 3936 interpretes
578 3841 729 3916 nonnulli
746 3844 905 3918 letteren
916 3846 1092 3919 remittunt
1108 3899 1118 3917 .
1142 3847 1219 3916 imo
1234 3868 1337 3944 quam
1349 3907 1353 3914 .
1364 3846 1469 3920 aliena
1498 3843 1536 3919 sat
1552 3845 1669 3943 species
1685 3866 1787 3944 quam
1800 3850 1876 3918 Cu-

270 3937 371 4034 jacius
385 3938 473 4013 addit
485 3968 521 4014 ert
536 3947 560 4015 1.
576 3949 699 4018 Paulus
717 3969 773 4018 ιι.
790 3953 836 4020 D.
848 3945 936 4044 quib.
949 3947 1032 4018 mod.
1043 3945 1134 4050 pign.
1144 3945 1226 4036 solu.
1823 3975 1838 3990 ··

838 4146 892 4218 De
917 4144 1112 4222 MAJORE
1135 4139 1310 4218 PARTE.

384 4225 404 4262 Ἰ

536 4369 568 4398 -u
638 4365 765 4402 ‘'f·
808 4337 1441 4423 'euentumaursus-'23
1498 4378 1547 4438 χ
1682 4387 1687 4394 -
1738 4319 1745 4408 f
1852 4376 1858 4388 ·

277 4551 312 4580 a·
385 4533 423 4568 ·‘
485 4537 634 4627 Refertur
658 4537 702 4610 ad
726 4533 916 4630 universas,
942 4533 1028 4649 quad
1046 4533 1174 4642 publice
1189 4543 1240 4636 'fit'
1253 4547 1311 4646 'per
1331 4545 1488 4633 mlfir‘m
1507 4551 1703 4644 ΜΨ·
1745 4598 1770 4618 ’·
1827 4567 1832 4572 ’
1940 4585 1982 4645 .’

182 4853 183 4856 ¹
252 4779 254 4784 -
273 4688 465 4900 Shimrda
482 4731 871 4852 exeeptionisptodpdiio
891 4725 944 4856 seu
961 4738 1156 4851 propagatio
1178 4693 1221 4810 nd
1246 4732 1491 4854 uliaspefsonas
1506 4707 1567 4812 liae
1582 4691 1899 4852 anl'gnln*coritium¹
1929 4721 1955 4816 ;1'

274 4947 327 4996 .t.
345 4851 427 4902 tur:
449 4831 635 4928 &quidem
650 4843 856 4940 Exceprronts
868 4861 901 4932 νς
920 4839 1077 5008 jadreptaa
1090 4843 1169 5008 ,zet
1184 4847 1407 4943 :Lecepmm
1415 4841 1507 4912 dola.
1533 4841 1670 4912 neriae
1677 4836 1878 5036 &gallicii
1922 4863 1923 4868 ¹

1959 235 1981 264 ,

1908 483 1944 547 pl«
