4724 5930
450 623 493 670 n
564 579 678 634 a·
833 585 1697 684 tncourootnorneot

442 695 535 796 «qnod
544 689 661 794 legibus
673 684 813 785 omiffltm
824 691 879 787 est,
892 716 952 764 non
964 691 1173 766 emittendum
1182 693 1331 796 religione
1335 693 1536 786 judicantis.
1551 699 1657 791 Deniq
1663 722 1704 768 ue
1707 695 1786 786 juri
1796 696 1976 794 &quidem
1987 701 2054 774 stri·

449 799 507 866 elo
523 796 673 888 ‚equitas
687 793 938 888 opponitut.Sic
951 795 1050 864 etiam
1067 799 1242 878 Donatus,
1259 791 1295 864 in
1306 795 1446 898 Adelph.
1463 798 1553 869 Aeta
1572 821 1602 866 1.
1611 795 1660 885 sc.
1682 820 1712 868 1.
1729 799 1896 894 aequitas
1911 801 1977 893 esi,
1993 827 2053 898 que

447 897 487 966 de
498 901 623 986 sURE
634 896 774 964 multum
785 889 925 964 remittit
938 934 947 964 t
965 897 1005 964 Et
1019 891 1085 964 haee
1097 891 1234 987 quidem
1248 892 1386 965 emultit
1398 917 1500 990 pauca
1517 887 1678 966 sufficiant
1695 893 1756 972 ,de
1770 901 1920 970 tenuitate
1935 903 1967 970 in
1982 905 2052 992 jure

449 989 636 1088 spectanda,
651 988 865 1086 quialioquin
882 993 1040 1064 testatus
1052 989 1201 1065 lariffime
1220 985 1282 1064 sepe
1296 988 1476 1079 diffundit,
1502 999 1536 1063 &
1551 991 1592 1065 ab
1605 991 1672 1067 aliis
1685 991 1864 1090 plenlffim'e
1878 997 2050 1072 illussrrtus

445 1093 491 1164 est
507 1147 516 1164 .
530 1096 615 1164 Non
627 1093 727 1192 igitur
741 1088 944 1162 admittenda
957 1092 1012 1162 hic
1022 1112 1058 1164 ea
1072 1095 1298 1186 interpretatio
1312 1139 1321 1158 ·
1346 1089 1437 1187 quafi
1447 1091 1632 1176 indicetur,
1647 1096 1680 1164 in
1696 1091 1745 1164 his
1767 1095 1972 1189 potillimum
1983 1093 2052 1194 spe.

448 1193 528 1266 uari
541 1195 753 1288 aequitatem,
781 1211 853 1287 quae
869 1194 947 1284 luris
965 1193 1068 1289 magis
1084 1185 1160 1262 lunt
1174 1215 1275 1286 quam
1294 1189 1393 1263 faeti:
1418 1217 1490 1290 quo
1506 1186 1649 1263 incensu
1664 1186 1739 1264 sunt
1758 1191 2003 1289 stipulationes,
2029 1203 2051 1271 i.

393 1339 398 1347 ·
452 1316 510 1379 27.
525 1296 557 1372 §.
575 1319 609 1363 2.
626 1299 672 1366 D.
687 1292 726 1362 de
734 1290 853 1394 paDis:
869 1287 926 1362 etsi
939 1289 1086 1386 alioquin
1101 1287 1179 1362 huic
1202 1288 1468 1388 interpretationi-
1483 1289 1622 1364 blandiri
1646 1291 1794 1366 videatur
1818 1315 2052 1392 argumentum
2070 1293 2073 1300 ’

440 1391 545 1486 'quod
553 1389 670 1466 Paulus
682 1413 833 1461 executus
846 1389 890 1460 est
902 1394 927 1464 l.
942 1398 995 1461 16.
1006 1389 1246 1504 Q‘nessionumfl,
1265 1389 1351 1462 unde
1367 1390 1434 1463 hee
1450 1395 1495 1462 R.
1508 1385 1680 1484 desumpta
1694 1391 1849 1486 est,.puta
1868 1392 2049 1498 dessipula-

450 1489 588 1566 tionibus
603 1485 655 1562 seu
670 1485 711 1560 de
725 1485 906 1562 verborum
914 1485 1170 1588 obligationibus
1184 1517 1192 1560 :
1224 1511 1261 1560 ut
1276 1497 1311 1560 &
1324 1489 1421 1586 quod
1434 1488 1556 1562 dicitur
1566 1483 1608 1560 de
1621 1487 1670 1561 his
1688 1515 1762 1588 quae
1775 1495 1854 1584 juris
1876 1486 1952 1563 sunt
1980 1500 2013 1566 in
2025 1500 2050 1569 l.

456 1615 470 1661 r
483 1617 538 1684 30.
550 1601 595 1666 D.
610 1592 648 1660 de
666 1597 712 1661 V.-
722 1595 763 1660 0.
780 1611 853 1682 quae
863 1611 903 1658 ex
916 1589 1036 1663 eodem
1044 1584 1130 1660 libro
1143 1583 1315 1682 desumpta
1329 1589 1373 1660 est
1387 1617 1396 1660 t
1410 1595 1457 1659 uc
1471 1587 1513 1659 ad
1528 1614 1629 1686 quam
1643 1584 1664 1655 Γ
1656 1593 1781 1684 peciem
1802 1591 1954 1665 nonnulli
1968 1593 2053 1668 hanc

452 1694 540 1789 Reg.
557 1688 701 1762 referunt
718 1741 727 1758 .
756 1685 861 1774 Quod
876 1689 988 1760 minus
1002 1687 1112 1783 probo
1130 1739 1140 1760 .
1167 1691 1290 1758 Pariter
1306 1708 1342 1758 ut
1361 1711 1430 1760 non
1447 1684 1556 1782 probo
1570 1681 1735 1783 speciem.
1760 1691 1814 1760 cui
1828 1693 1984 1782 Cuiacius
2010 1697 2056 1768 ad

450 1795 593 1864 Paulum
605 1787 688 1864 hanc
705 1792 791 1886 Reg.
807 1783 937 1886 aptabat
951 1813 989 1860 ex
1005 1792 1029 1860 l.
1044 1785 1104 1888 qui
1114 1800 1166 1857 'res
1175 1787 1252 1877 suas
1266 1789 1325 1875 98.
1341 1790 1370 1864 §.
1388 1786 1470 1859 mihi
1489 1795 1609 1866 Rome,
1626 1798 1672 1860 D.
1687 1786 1913 1878 desolutionib.
1932 1793 2053 1888 Neque

451 1892 541 1963 enim
549 1886 594 1961 ibi
605 1886 646 1958 de
658 1885 724 1962 ulla
728 1885 820 1977 juris
835 1880 937 1982 specie
952 1941 963 1972 ,
978 1910 1053 1982 quae
1067 1888 1219 1982 aequitate
1234 1909 1363 1985 regatur
1378 1889 1526 1986 ,agitur.
1544 1893 1633 1986 Ergo
1645 1887 1689 1958 de¹
1702 1881 1870 1982 ipsojere.
1883 1885 1937 1961 seu
1955 1891 1996 1962 de
2006 1891 2053 1964 le-

451 2013 534 2088 gum
557 1989 852 2081 interpretatione,
877 1985 945 2058 haec
957 1978 1042 2086 Reg.
1060 1983 1248 2080 accipienda
1269 1984 1335 2058 est:
1353 1983 1537 2080 cujusmodi
1551 2011 1689 2086 quoque
1702 1987 1790 2086 leges
1814 1991 1933 2068 variae.
1956 1985 2083 2083 juris-.

451 2115 519 2184 que
530 2087 802 2172 constitutiones,
828 2088 865 2156 in
880 2108 1079 2186 argumento
1093 2109 1232 2179 quoque
1247 2082 1493 2178 stipulationum
1504 2107 1733 2156 memorantur
1749 2095 1768 2157 .‘
1786 2085 1950 2181 Ulpianus
1966 2103 2055 2162 certe

449 2189 488 2261 in
504 2182 550 2283 sp.
564 2193 587 2258 l.
603 2196 658 2280 36.
670 2194 718 2258 D.
733 2187 770 2256 de
787 2194 826 2258 V.
846 2193 888 2258 0.
903 2185 1042 2284 aliquem
1051 2182 1230 2274 subtilitate
1247 2183 1571 2276 WRISobslriilum
1585 2183 1712 2278 definit,
1731 2182 1790 2273 sed
1799 2190 1980 2289 exceptione
1994 2191 2052 2259 do·

454 2288 543 2360 liuzi
558 2286 661 2390 paffe.
688 2291 730 2358 Et
745 2305 855 2380 aperte
874 2283 961 2357 idem
992 2283 1109 2357 Paulus
1136 2283 1269 2366 noller,
1296 2285 1330 2353 in
1355 2289 1379 2356 l.
1387 2287 1417 2382 fi
1426 2283 1559 2374 servum
1575 2306 1635 2372 91.
1652 2287 1680 2359 S.
1699 2313 1730 2378 3.
1744 2286 1810 2356 eod.
1827 2285 1881 2357 tit.
1898 2289 1937 2358 de
1953 2297 1991 2360 V.
2009 2295 2051 2362 0.

453 2411 526 2456 eam
539 2391 683 2458 veterum
696 2383 947 2478 constitutionem
963 2381 1144 2480 expendens
1161 2435 1173 2466 ,
1195 2381 1379 2486 perpetuari
1406 2377 1624 2482 obligationem
1639 2383 1782 2478 quotiens
1797 2390 1890 2498 culpa
1913 2387 2053 2459 interne·

451 2485 504 2560 m'e
517 2485 665 2557 debitoris
682 2531 691 2564 ι
719 2478 846 2576 subjicit
860 2509 896 2554 ex
908 2479 1008 2558 Celso
1023 2520 1034 2562 ·,
1062 2485 1141 2552 hanc
1151 2479 1341 2578 questionem
1356 2481 1408 2575 effe
1421 2484 1459 2553 de
1475 2483 1549 2554 bono
1562 2492 1600 2563 ω’*
1616 2489 1677 2552 2AE
1755 2489 1811 2562 0‚:
1835 2511 1943 2580 enque
1953 2515 2052 2585 gene-

450 2613 488 2658 re
496 2591 681 2690 pierumque
685 2582 746 2676 sub
764 2582 951 2656 austeritate
963 2587 1104 2674 JURIS
1107 2579 1245 2672 scientie
1257 2581 1429 2686 perniciose
1440 2605 1589 2660 cerame.
1617 2589 1698 2668 Quo
1751 2579 1791 2652 ed
1817 2581 1914 2674 hujus
1940 2583 1963 2655 l.
1979 2582 2053 2658 sen*-

455 2688 592 2757 tentiam
609 2687 751 2758 omnino
763 2679 842 2754 facit
859 2715 869 2754 :
897 2687 1016 2780 pariter
1029 2705 1067 2754 ut
1082 2679 1177 2778 quod
1188 2680 1309 2754 dicitur
1325 2687 1346 2754 l.
1353 2707 1426 2786 pen.
1440 2689 1487 2755 D.
1499 2682 1546 2760 ad
1559 2679 1722 2752 exhibend.
1737 2675 1823 2778 leges
1851 2705 1921 2751 non
1950 2709 2052 2780 opor.

453 2805 522 2857 tere
532 2783 743 2856 calumniari.
771 2782 845 2854 Alia
856 2785 940 2854 ratio
950 2781 996 2854 est
1013 2836 1024 2868 ‚
1050 2778 1107 2852 ubi
1118 2779 1167 2854 lex
1180 2784 1225 2851 ita
1235 2803 1344 2876 aperta
1359 2781 1421 2860 est,
1447 2805 1484 2852 ut
1500 2783 1644 2875 :equitati
1662 2778 1777 2874 judicis
1792 2777 1906 2848 locum
1921 2807 1991 2854 non
2003 2782 2051 2854 fa:

453 2886 520 2956 ciat
537 2938 549 2969 ,
576 2909 654 2956 nam
669 2903 742 2952 tum
758 2881 810 2954 lex
825 2879 881 2953 ttll
896 2880 978 2954 dura
995 2929 1005 2960 ι
1032 2876 1186 2952 servanda
1198 2881 1265 2960 est3
1291 2885 1315 2954 i.
1325 2880 1552 2984 prospexitqm'
1567 2892 1637 2963 &a
1650 2878 1737 2974 quib.
1752 2877 1929 2971 manumiff.
1945 2885 1968 2952 l.
1988 2908 2045 2976 32·

453 2987 494 3054 de
508 2986 610 3055 adult.
644 3003 718 3053 tum
750 2984 838 3053 enim
853 2982 894 3054 ad
911 2984 1095 3076 Principem
1110 2977 1258 3052 eundum
1286 2979 1354 3059 est,
1382 2985 1406 3052 l.
1425 3005 1455 3050 r.
1474 2990 1510 3051 C.
1522 2980 1561 3050 de
1575 2977 1663 3079 legib.
1679 2976 1867 3065 Quomodo
1897 2977 2053 3052 duritiam

452 3081 533 3183 legis
546 3090 563 3159 J
567 3081 657 3162 uliae,
684 3079 726 3153 de
741 3084 855 3178 quain
874 3083 906 3154 d.
922 3086 944 3153 l.
955 3081 1114 3184 prospexit
1130 3117 1146 3164 ,¹
1168 3076 1359 3152 moderatus
1372 3079 1416 3151 est
1428 3085 1514 3184 imp.
1528 3081 1563 3150 in
1576 3084 1600 3151 l.
1612 3076 1766 3154 adulterii
1777 3129 1792 3166 ,
1820 3077 1895 3152 Ced.
1908 3077 1946 3152 de
1956 3078 2055 3154 adul·

451 3205 513 3276 ter.
525 3180 773 3281 dequojamad
788 3181 865 3260 din.
877 3187 903 3264 i.
917 3185 975 3264 88.
991 3185 1018 3260 §.
1037 3209 1069 3254 2.
1372 3187 1379 3199 '
1489 3221 1492 3230 ·
1977 3233 1978 3242 .

802 3387 860 3463 De
884 3379 1008 3484 duplici
1030 3379 1353 3455 SUCCESSIONIS
1370 3382 1452 3470 jure
1474 3401 1702 3484 contenente.
1827 3370 1830 3376 ¹

667 3653 670 3668 ,
725 3584 820 3656 XCI.
846 3561 966 3655 IDEM
997 3582 1175 3682 (Paulus)
1189 3577 1275 3676 libre
1295 3573 1531 3684 epeimodecime
1542 3575 1786 3681 Quaestionum.

505 3777 666 3894 Quotiens
688 3778 812 3889 duplici
816 3785 898 3875 jure
922 3782 1064 3880 defertur
1088 3779 1191 3854 alicui
1208 3778 1376 3872 succeffio,
1401 3774 1566 3882 repudiato
1594 3803 1675 3851 novo
1699 3773 1798 3860 iure,
1823 3771 2003 3874 quatiente

688 3919 692 3926 ·
1016 3884 1184 3980 dffereur,
1203 3879 1363 3990 supererit
1375 3903 1486 3954 vetus.
2030 3891 2033 3900 “

453 4085 577 4258 DE
595 4081 793 4178 Smeffionis
814 4081 954 4178 duplicis
970 4079 1124 4170 eencnrfie
1147 4079 1285 4150 eandem
1313 4081 1349 4149 in
1371 4069 1569 4172 personam,
1593 4071 1714 4146 eodem
1738 4093 1914 4168 ternpore,
1937 4065 2055 4160 ordine

449 4215 452 4226 ·
577 4178 772 4266 succeffivo,
801 4181 981 4282 gradatim,
1006 4181 1257 4256 concurrentis.
1282 4175 1327 4248 est
1340 4177 1407 4246 haec
1423 4173 1510 4246 Pauli
1524 4172 1644 4274 Regul.
1660 4199 1726 4269 qua
1751 4173 1924 4268 quaeritur,
1953 4171 1975 4241 st
2000 4173 2054 4243 cui

456 4278 614 4357 succeffio
626 4281 832 4378 duplicljure
843 4279 1007 4382 gradatim
1017 4277 1208 4361 deleratur,
1235 4273 1400 4377 Duplici,
1425 4276 1585 4368 inquam,
1601 4278 1706 4364 jure,
1731 4270 1765 4342 id
1780 4269 1848 4348 est,
1876 4268 1974 4340 titulo
1990 4267 2054 4342 five
2123 4353 2127 4360 Ι

334 4417 336 4422 ·
455 4385 586 4478 eapite,
613 4405 726 4456 utrum
737 4409 809 4456 uno
822 4389 893 4478 jure
911 4377 1102 4474 repudiato.
1126 4373 1217 4446 alteri
1233 4371 1371 4474 quoque
1384 4377 1410 4445 is
1424 4369 1616 4444 renuntiasse
1631 4371 1805 4444 credatur?
1828 4375 1871 4446 Et
1884 4368 2054 4469 distingui-

454 4503 513 4554 tur
528 4485 613 4554 inter
624 4483 761 4560 titulum
780 4506 912 4560 novum
927 4475 1111 4550 &titulum
1141 4494 1305 4546 veterem:
1329 4475 1490 4568 Nempe,
1515 4469 1688 4568 repudiato
1711 4463 1806 4542 novo
1835 4473 1932 4564 jure,
1960 4463 2054 4563 quod

457 4580 721 4668 antedeFertur,
747 4575 902 4750 superesse
911 4599 1026 4651 vetus:
1052 4581 1104 4647 Ut
1130 4575 1205 4646 tite
1233 4567 1322 4643 versa
1348 4569 1518 4666 repudiato
1547 4573 1649 4644 veteri
1675 4575 1773 4663 jure,
1798 4570 1897 4640 etiam
1925 4587 2055 4639 novum

454 4685 645 4754 ‘amittiture
671 4678 766 4778 quod
794 4707 855 4751 ane
867 4674 1023 4750 definitur
1035 4679 1060 4748 l.
1077 4673 1178 4792 necis¹
1196 4676 1297 4760 17.·§.
1315 4695 1348 4748 ι.
1364 4683 1404 4755 cp
1416 4677 1439 4743 l.
1454 4669 1491 4786 in
1501 4669 1648 4778 plurium
1661 4697 1722 4760 70.
1740 4679 1779 4751 ov
1795 4672 1816 4739 l.
1827 4665 1912 4741 illud
1922 4664 2052 4740 dubite-

453 4781 491 4852 ei
507 4809 566 4871 77.
579 4789 622 4856 D.
639 4783 677 4852 ele
691 4779 820 4878 adquir.
835 4779 938 4859 iered.

509 4885 591 4956 Haec
606 4879 901 4982 remerguntur,
925 4883 961 4950 &
978 4865 1250 4977 genuinaspeeies
1264 4871 1369 4969 aptati
1390 4867 1511 4968 poffit,
1535 4865 1706 4944 sciendum
1721 4868 1791 4941 est:
1816 4865 1967 4972 Primum
1982 4857 2059 5055 {lici
