4692 5960
274 635 276 640 a
423 617 495 690 114
563 415 1667 670 l*·i‘u.tn.cou1eotttot·uuut
1745 607 1799 666 .‘
1893 677 1895 682 ,

250 703 256 714 ’
417 699 450 772 ri
464 724 525 788 47.
540 721 563 764 ι.
580 675 678 765 iuter.
697 695 755 780 69.
766 679 807 761 'in
812 693 874 785 fin.
888 694 911 760 l.
919 693 951 784 fi
960 685 1110 760 Stichum
1126 688 1181 777 38.
1193 688 1221 762 9.
1241 713 1271 759 ι.
1286 695 1332 760 D.
1343 689 1596 787 defitejuffirn.
1610 723 1664 786 19.
1679 705 1723 772 D.
1737 699 1776 774 dr
1790 699 1960 778 dolentia:
1975 707 2034 804 pb

417 820 524 898 gnora
538 791 742 876 liberantur,
767 783 822 862 seu
838 785 937 885 ipsrut
950 783 1067 860 crediti
1081 783 1286 886 obligatione
1296 784 1468 864 deficsmte
1477 843 1488 876 ,
1514 796 1695 894 pignorum
1710 825 1854 896 quoque
1871 801 2024 900 persecu.

416 899 510 970 cutio
521 913 691 990 perempta
704 891 748 964 est
764 919 772 962 ι
800 911 837 962 ut
851 888 941 963 idem
955 883 1073 960 Paulus
1089 887 1124 957 in
1138 890 1161 957 l.
1170 888 1344 979 sanctuar
1358 897 1396 962 6.
1408 898 1456 964 D.
1470 892 1509 962 de
1524 893 1657 965 nautico
1668 901 1814 991 sonore,
1841 908 1876 974 δι
1888 903 1936 976 Ul
1962 911 2026 982 ian.

416 1001 478 1070 l.6.
492 991 527 1069 in
538 991 646 1097 princ.
660 995 696 1062 δι
710 989 952 1086 Tryphoninus
964 993 1008 1060 tn
1020 984 1196 1084 3.D.quilt.
1206 989 1290 1060 tend.
1302 987 1392 1091 pigot.
1399 989 1483 1080 solut
1500 990 1689 1088 eodemque
1701 1000 1784 1070 ratio
1800 1001 1844 1070 est
1857 1028 1895 1072 ca
1933 1029 1958 1072 ae
1974 1027 2026 1080 te.

416 1095 653 1167 stamentariae:
680 1115 752 1185 quo
771 1145 782 1176 ‚
808 1088 983 1162 emendato
997 1083 1075 1158 libri
1085 1085 1175 1157 Pauli
1187 1086 1242 1160 hic
1260 1113 1401 1160 nurnero
1416 1140 1433 1169 ,.
1454 1084 1737 1186 speciemhujusl.
1754 1096 1910 1171 referebat
1921 1106 2025 1198 Cuja.

417 1199 512 1266 cius.
538 1185 578 1264 lit
599 1189 739 1288 quidem
758 1195 793 1262 in
805 1190 999 1262 testamento
1014 1186 1136 1278 injusto
1148 1240 1166 1272 ,⁴
1188 1209 1316 1282 rupto,
1339 1189 1434 1260 irrito
1449 1241 1467 1276 „
1489 1185 1596 1276 falso,¹
1617 1216 1653 1264 ex
1668 1217 1746 1288 qno.
1763 1195 1867 1296 legata
1880 1203 2025 1276 nondea'

375 1297 379 1308 '
416 1292 563 1366 bentut.
591 1295 691 1362 Sic&
707 1286 919 1385 srpaternum
940 1287 1175 1357 testamentum.
1199 1290 1211 1374 (
1226 1285 1320 1381 quod
1332 1287 1511 1392 principale
1523 1289 1676 1386 dicitur)v
1700 1319 1771 1367 non
1794 1295 1918 1378 valeat,
1942 1323 2024 1395 puta
2116 1295 2118 1298 ⁵

417 1393 498 1488 quia
520 1413 615 1486 parer
636 1387 789 1460 heredem
805 1385 863 1460 fibi
878 1412 952 1456 non
964 1387 1104 1456 instituit
1121 1431 1137 1464 e
1156 1383 1211 1456 vel
1231 1385 1573 1480 hereditaaejueaditc
1589 1415 1660 1462 non
1673 1391 1720 1462 est'
1733 1435 1751 1480 ,·
1770 1419 1832 1466 nec
1851 1398 2023 1498 pupillares
2053 1469 2056 1474 ,

419 1489 537 1562 tabule
549 1489 685 1570 valent,
713 1489 749 1561 d.
769 1493 797 1568 9.
810 1487 916 1560 liberis
929 1513 962 1578 5.
979 1485 1015 1556 in
1020 1487 1081 1580 fin.
1097 1483 1169 1593 lnsl.
1184 1484 1223 1554 de
1231 1485 1382 1587 pupillar.
1391 1485 1463 1576 sub.
1477 1491 1504 1558 l.
1521 1511 1552 1558 ι.
1565 1487 1680 1584 infin.
1693 1495 1715 1562 l.
1733 1521 1764 1565 2.
1781 1497 1809 1572 9.
1827 1495 1971 1594 quisquis
1987 1529 2018 1594 3.

414 1587 656 1761 Dilmlgm
670 1601 710 1674 (e
791 1588 832 1660 tt.
852 1616 885 1661 2.
911 1581 1287 1685 luingenerestnemo
1300 1579 1773 1673 suentehetadunemomnn
1788 1597 2021 1673 vistestmen„

416 1692 447 1762 ti·
470 1693 617 1774 ovitur,
643 1693 699 1761 Ι.ι
737 1687 822 1762 nin
854 1715 908 1760 a.

464 1787 656 1884 Eademque
676 1792 760 1860 ratio
777 1693 1051 1888 estflegctornm:
1100 1811 1134 1858 ι.
1158 1789 1209 1856 Ita
1232 1782 1340 1884 legato
1353 1779 1449 1860 l'etvo
1462 1787 1701 1890 etampctnlia,
1725 1815 1768 1864 eo
1781 1789 1920 1866 alienato
1937 1846 1945 1872 ‚
1963 1795 2014 1869 vel
2166 1777 2170 1786 ¹

415 1887 633 1968 manumiffo,
661 1888 712 1959 vel
731 1909 868 1960 mortuo
885 1941 895 1971 ,
910 1890 990 1958 vivo
1014 1883 1163 1957 testatore
1182 1931 1192 1974 ‚
1218 1889 1256 1956 dc
1275 1883 1395 1980 peculii
1411 1884 1559 1986 lcgutum
1572 1892 1771 1988 extinguitur
1788 1942 1798 1972 ,
1823 1897 1845 1964 l.
1860 1919 1889 1966 1.
1910 1923 1941 1965 2.
1963 1923 2018 1970 ιι.

415 1997 464 2062 D.
481 1991 518 2060 dt
538 1987 662 2090 peculia
676 1992 797 2088 legato,
824 1993 847 2059 l.
871 2015 926 2080 39.
942 1989 970 2063 9.
982 2014 1018 2076 4.
1033 1993 1079 2056 D.
1094 1983 1229 2077 familia
1248 1987 1277 2058 9.
1296 2011 1350 2072 17.
1363 1985 1445 2078 last.
1458 1987 1498 2058 dt
1515 1987 1627 2087 legatis
1639 2043 1652 2060 ..
1701 2017 1739 2060 ι.
1759 1997 1898 2094 Itapenu
1913 1992 2020 2092 legata

204 2121 209 2131 ·
331 2133 337 2144 ·
365 2079 368 2086 ¹
414 2086 590 2158 eomvafis
606 2090 730 2172 certis,
756 2095 791 2158 dt
807 2085 1003 2180 consumpta
1018 2107 1104 2177 penu
1120 2137 1131 2166 ‚
1157 2107 1202 2154 ne
1217 2077 1291 2152 vasa
1303 2081 1445 2178 quidem
1456 2085 1579 2156 cedunt
1592 2139 1604 2170 ‚
1618 2087 1767 2182 exemplo
1782 2089 1897 2184 peculii
1914 2139 1924 2173 ,
1948 2099 1972 2164 l.
1985 2121 2017 2167 2.

267 2213 271 2226 ·
310 2225 329 2240 ·‹
414 2188 454 2258 de
463 2211 547 2289 pente
558 2192 662 2286 legata
678 2239 689 2259 .
744 2217 774 2278 3.
802 2187 961 2282 Idemque
973 2187 1007 2253 in
1026 2178 1134 2254 fundo
1147 2179 1293 2274 instruile
1309 2182 1360 2253 vel
1375 2209 1455 2254 cum
1469 2185 1688 2258 instrumento
1703 2185 1832 2286 legato:
1847 2215 1926 2262 nam
1938 2190 2015 2264 fun.

109 2337 113 2344 ·
134 2317 158 2350 .=
291 2323 295 2331 =
414 2286 461 2358 do
473 2286 612 2357 alienato
626 2291 660 2356 dt
675 2287 882 2356 instrumenti.
894 2285 1039 2382 legatum
1052 2283 1251 2380 extinguitur
1265 2333 1277 2365 ,
1291 2281 1325 2352 d.
1340 2285 1369 2358 9.
1391 2294 1446 2371 ¹7·
1462 2287 1486 2356 l.
1498 2311 1528 2354 1.
1543 2287 1573 2361 §.
1595 2311 1625 2357 ι.
1643 2297 1682 2368 όν
1694 2291 1718 2357 l.
1731 2311 1764 2377 5.
1783 2297 1828 2361 D.
1844 2291 1883 2359 de
1896 2289 2017 2382 instra.

129 2372 136 2401 ⁷
259 2439 262 2446 -
278 2415 315 2482 ις,
413 2387 481 2456 llo.
507 2384 601 2455 Mille
615 2383 679 2454 alia
689 2380 876 2475 hujusmodi
888 2379 964 2453 sunt
980 2377 1153 2474 exempla,
1175 2377 1263 2450 mille
1278 2373 1396 2474 species
1411 2433 1429 2460 ,
1449 2380 1506 2454 ubi
1519 2383 1696 2480 principale
1713 2384 1736 2454 sr
1752 2413 1822 2458 non
1839 2387 1990 2461 consistat
2004 2424 2019 2473 ,ι

110 2561 112 2568 Α
204 2500 209 2508 “
255 2471 280 2496 ’
411 2507 474 2558 nec
489 2477 873 2580 eaquaesequunturseu
887 2474 1187 2554 acccllbrialocum
1198 2477 1313 2550 habete
1326 2474 1459 2574 poliunt
1475 2509 1482 2551 :
1497 2478 1562 2552 srve
1576 2481 1617 2552 ab
1631 2487 1726 2554 initio
1740 2484 1854 2556 inutile
1869 2483 1908 2557 lit
1922 2493 2020 2582 prin.

130 2641 134 2652 .
246 2571 296 2628 ’Ὗ
312 2633 335 2676 „3
411 2583 548 2678 cipale,
571 2580 688 2655 srveex
700 2579 866 2678 postfacto
876 2582 1107 2678 extinguatur:
1132 2575 1198 2651 five
1220 2574 1363 2674 denique
1376 2575 1587 2653 accellorium
1603 2584 1679 2677 post
1691 2584 1872 2658 ettindlum
1889 2591 2017 2684 princi-

78 2736 100 2748 1·
290 2715 314 2728 ··
439 2682 487 2760 ale
503 2682 635 2756 accedat
651 2735 665 2755 .
1492 2707 1500 2722 ·
1692 2699 1697 2707 “

47 2759 50 2768 ¹
150 2762 192 2827 ²⁷³
227 2823 231 2834 ·
413 2707 612 2856 PGenuina
625 2805 729 2879 porro
743 2781 841 2874 hujus
854 2787 902 2854 R.
915 2776 1060 2877 species,
1084 2773 1251 2852 ineodem
1263 2799 1459 2878 argumento
1473 2805 1549 2876 quo
1565 2778 1755 2880 liuperiorls,
1782 2787 1865 2879 poni
1880 2787 2021 2882 potest„

411 2884 447 2958 in
459 2886 598 2980 pignore
610 2937 623 2968 ‚,
648 2877 767 2954 scilicet
780 2883 892 2978 reique
904 2880 1018 2954 exinde
1032 2878 1269 2954 vindicatione.
1296 2878 1336 2949 ld
1350 2881 1438 2950 enim
1453 2904 1687 2979 argumentum
1706 2905 1855 2956 executus
1870 2887 1914 2958 est
1929 2891 2022 2958 Pau-2

62 3021 107 3078 ·.·
136 2985 166 3062 ῤ’,
411 2978 463 3060 lus
488 2981 573 3054 libro
595 3007 652 3054 ιι.
684 2983 726 3055 ad
756 2981 935 3061 Edistum,
965 2981 1056 3054 unde
1082 2981 1149 3054 haec
1164 2975 1213 3048 lex
1226 3001 1297 3050 tota
1311 2971 1483 3074 desumpta
1496 2981 1563 3066 est,
1581 2981 1832 3078 deteiinquam
1847 2982 1893 3056 lin
1941 2984 2018 3060 laris

117 3161 124 3178 ,
155 3081 159 3090 ’
409 3079 653 3168 vindicatione,
680 3082 884 3176 corporalis,
910 3080 1125 3178 incorporalis
1145 3132 1156 3150 .
1183 3079 1281 3176 Finge
1294 3125 1309 3156 ,Δ
1332 3082 1557 3152 excommun
1570 3080 1675 3166 nullo,
1692 3081 1899 3180 veluti'pupil
1915 3089 1920 3100 '
1937 3081 2012 3158 abs-

60 3169 64 3180 ’
133 3170 160 3283 ft
173 3171 226 3266 irs:
239 3217 261 3240 -,
438 3207 477 3251 ue
496 3185 614 3254 tutoris
640 3184 859 3268 audiorirate,
885 3182 936 3254 vel
952 3211 991 3256 ex
1003 3179 1178 3254 contrastu
1191 3177 1337 3250 mulieris
1353 3199 1417 3272 pro
1432 3175 1497 3248 alio
1516 3181 1774 3260 intercedentis,
1799 3187 1832 3278 pi
1857 3207 1926 3256 nuo
1944 3209 2015 3258 cre-

100 3293 157 3360 ,ἵε
205 3267 213 3304 ³
242 3357 245 3368 ,
410 3205 510 3353 diroti
522 3281 637 3354 datum
655 3293 671 3354 t
691 3279 805 3358 Sane,
830 3303 909 3354 cum
923 3281 1111 3378 principalis
1124 3272 1218 3350 causa
1230 3271 1286 3350 seu
1301 3275 1462 3376 obligatio
1477 3277 1529 3350 his
1541 3279 1666 3352 casibus
1677 3307 1748 3352 non
1765 3207 1939 3366 coniuent,
1955 3309 2020 3358 ne·
2059 3341 2061 3348 .

30 3401 33 3408 ’
97 3399 134 3464 ;-,
236 3411 241 3468 j
382 3395 388 3422 ·’
439 3407 480 3452 ue
492 3385 611 3480 pignus
629 3381 742 3452 locum
754 3377 872 3451 habere
893 3379 1024 3476 potest.
1051 3379 1202 3473 ideoque
1220 3375 1244 3448 li
1259 3374 1432 3453 creditor,
1457 3381 1610 3474 quamvis
1633 3381 1713 3452 nihil
1728 3379 1810 3452 dolo
1825 3379 1920 3454 faciat
1935 3407 2020 3458 cum

110 3477 116 3516 ⁴
141 3503 170 3560 ·,
264 3475 274 3528 1
411 3405 509 3550 ilum
538 3484 652 3574 recipit
680 3478 855 3570 (dehabet
875 3483 967 3575 prior
992 3482 1090 3573 hujus
1115 3473 1332 3576 1.uegula‚)
1359 3478 1480 3572 pignus
1503 3476 1711 3564 distraxerit,
1737 3502 1907 3563 attamen,
1934 3486 2014 3580 quia

128 3571 154 3614 '²‘
206 3603 211 3618 ·
371 3649 374 3658 ,
410 3577 598 3674 principalis
611 3573 704 3650 causa
721 3578 770 3650 his
783 3575 906 3652 casibus
916 3607 985 3652 non
1000 3577 1173 3655 confiuit,
1195 3579 1339 3676 pignus,
1365 3572 1460 3668 quod
1475 3575 1688 3672 principalem
1701 3573 1831 3652 causam
1846 3575 1993 3677 sequitur
2003 3629 2024 3663 ,,

113 3683 157 3762 ,ἧς
184 3683 225 3774 fij
251 3716 256 3726 ι
410 3677 458 3752 rei
473 3674 694 3750 vindicatione
709 3677 816 3752 adhuc
831 3679 898 3774 peti
917 3681 1044 3774 potest,
1069 3681 1138 3752 tt.
1159 3703 1216 3770 39.
1229 3681 1258 3754 9.
1279 3699 1311 3746 ι.
1335 3681 1382 3747 D·
1395 3674 1434 3745 de
1447 3673 1666 3762 reioindicat.
1689 3682 1713 3751 Ι.
1726 3683 1786 3750 ult.
1810 3681 1841 3757 9.
1857 3706 1888 3753 ι.
1907 3691 1954 3754 D.
1968 3682 2015 3753 ad

67 3829 83 3850 ‚2
114 3823 117 3832 ·
169 3774 193 3840 ’τ’
284 3803 286 3808 ·
412 3776 530 3868 SCtnfi
545 3782 654 3870 Velltj.
668 3779 883 3876 dfisciensJ.
903 3781 979 3854 Ctd.
994 3783 1063 3853 eod.
1078 3780 1131 3853 tit.
1145 3775 1296 3852 Lmulier
1328 3799 1385 3847 ιι.
1411 3775 1486 3847 cod.
1508 3777 1548 3848 dc
1568 3777 1707 3871 dssrau.
1720 3778 1810 3882 pigot.
1834 3783 1912 3875 quit
1936 3776 2014 3850 nul·

152 3895 157 3908 ·
204 3889 225 3926 -’
409 3871 482 3948 lum
510 3878 631 3976 pignus
660 3877 747 3959 fuit,
772 3902 810 3952 ut
838 3873 1006 3974 subjicitur
1027 3876 1268 3980 leg.4o.drrei
1282 3873 1353 3948 vin.
1383 3873 1510 3971 idque,
1538 3905 1701 3950 unacum
1728 3875 1914 3950 fructibus:-
1935 3901 2012 3951 mu·

407 3972 468 4046 liet
493 3979 581 4047 enim
607 3975 734 4050 frudlus
761 3975 882 4053 lberos
904 3983 1019 4077 recipit
1043 3981 1119 4054 diii.
1149 3985 1209 4084 leg.
1228 3976 1342 4070 dultin».
1356 3977 1431 4052 9.ι.
1458 3976 1563 4072 quue
1584 3974 1714 4050 rursum
1736 3979 1835 4049 eriam
1860 3969 2013 4050 adversus

411 4071 507 4146 bonae
522 4073 596 4149 fidei
607 4099 792 4174 emptorem
806 4105 844 4154 ex
857 4078 979 4165 Juliani
990 4101 1121 4177 recepta
1133 4075 1313 4158 sententia,
1340 4075 1374 4146 d.
1387 4079 1412 4146 l.
1426 4103 1440 4166 3
1447 4079 1523 4162 95.
1543 4077 1618 4148 nd.
1631 4081 1654 4148 l.
1672 4101 1707 4166 t·-
1728 4078 1804 4160 βοά.
1817 4078 1862 4148 at
1880 4079 1959 4150 Vell.
1973 4076 2010 4151 cl.

408 4177 433 4248 l.
448 4180 506 4248 ult.
518 4177 547 4253 9.
566 4201 596 4250 ι.
609 4180 694 4250 Ροιιί
705 4181 812 4279 potest
823 4189 858 4253 δι
872 4174 989 4276 species
1000 4185 1035 4254 in
1051 4177 1227 4262 Fratrum,
1239 4193 1404 4272 partuque
1417 4179 1453 4242 dc
1468 4173 1674 4268 stipulatione
1685 4175 1728 4246 de
1738 4177 1919 4250 evidlione:
1931 4199 2025 4250 nam·

411 4279 447 4346 et
460 4273 502 4348 de
514 4273 563 4347 his
576 4276 679 4350 multa
691 4284 818 4354 mentio
831 4284 865 4354 in
886 4285 932 4354 tei
945 4277 1186 4362 vindicatione,
1212 4281 1248 4346 dc
1263 4295 1343 4344 vero
1366 4269 1485 4343 Paulus
1501 4271 1606 4344 multa
1630 4275 1747 4346 trastat
1760 4276 1858 4350 variis
1885 4275 2013 4375 legibus

408 4371 484 4468 libri
498 4373 582 4449 illius
601 4379 711 4452 und
723 4381 895 4455 Edictum:
921 4405 995 4478 quac
1007 4377 1144 4477 quidem
1160 4384 1194 4449 dt
1208 4369 1276 4472 ipsa
1290 4369 1504 4467 principalem
1517 4367 1648 4446 causam
1661 4370 1845 4472 sequuntur
1860 4432 1869 4450 .
1894 4382 1983 4476 Ergo
1999 4427 2013 4462 ,

248 4565 250 4572 y
350 4549 394 4572 ..-
410 4469 497 4578 finge
511 4500 685 4551 mortuum
700 4479 871 4554 hominem
886 4535 899 4566 ,
926 4483 985 4577 qui
1000 4481 1035 4551 in
1048 4505 1118 4552 rem
1133 4481 1263 4552 adlione
1276 4469 1468 4571 petebatur,
1495 4471 1548 4547 vel
1564 4499 1601 4546 tx
1616 4473 1768 4572 stipulatu
1783 4487 1799 4548 ἒ
1825 4479 1890 4550 Rei
1903 4475 2012 4548 vindi-

339 4661 341 4666 ,
380 4569 538 4650 ·'='catione
550 4575 657 4652 adhuc
674 4583 726 4680 egi
743 4583 876 4676 potest,
902 4575 1139 4675 neoeffariaque
1156 4579 1202 4651 est
1215 4573 1373 4650 sententia
1391 4619 1402 4654 ,
1425 4593 1563 4672 propter
1577 4571 1704 4647 fruens
1721 4582 1756 4648 &
1779 4599 1891 4673 partus
1905 4581 1941 4648 δι
1956 4575 2011 4645 sti·

128 4735 130 4742 .
304 4765 307 4771 ,
409 4675 614 4769 polationem
630 4679 874 4767 deevidtione,
900 4679 1047 4778 lucique
1064 4673 1673 4771 16.dereivindicat.quaeexcodem
1687 4676 1778 4748 Pauli
1795 4675 1881 4748 libro
1898 4669 2014 4748 mad

16 4815 18 4822 ·
64 4819 74 4870 ·.
189 4777 214 4860 ὲ,
262 4793 289 4849 ‚³
411 4773 564 4848 Edictum
576 4793 655 4850 crim
667 4777 728 4850 hac
740 4777 986 4882 compingenda
999 4780 1072 4860 est,
1098 4801 1135 4852 ut
1155 4774 1295 4876 proinde
1306 4778 1452 4870 exceptio
1465 4775 1534 4846 haec
1548 4771 1589 4845 ad
1604 4774 1689 4846 hanc
1703 4779 1790 4876 Reg.
1805 4773 1942 4846 aPaulo
1953 4771 2012 4843 td-

144 4901 149 4908 ·
192 4869 203 4890 ”
229 4893 234 4902 ·
409 4869 481 4946 dita
493 4873 618 4966 fuerit,
643 4887 684 4967 θ
696 4883 720 4957 l.
733 4881 767 4954 8.
784 4887 831 4962 D.
844 4881 882 4956 dt
898 4879 1046 4972 rejudic.
1060 4885 1082 4959 l.
1100 4903 1157 4954 ιι.
1176 4887 1226 4964 D.
1236 4873 1429 4970 judicatum
1446 4873 1534 4968 solvi
1550 4927 1560 4948 .
1588 4877 1629 4952 Et
1651 4875 1700 4948 ha
1717 4873 1852 4972 quidttn
1864 4873 2014 4974 genuina:

1896 4965 2015 5068 species
