4632 5916
452 683 522 768 236
826 659 1704 743 JA00131coTttotR,ssnt

455 801 492 846 ιι
503 802 535 865 5.
551 769 640 842 unde
651 759 822 862 desumpta
831 767 893 850 est,
910 765 1026 836 'Aurb
1048 789 1088 834 ex
1110 763 1229 852 σαψ.
1260 763 1334 834 cad.
1358 760 1502 834 deliber.
1562 787 1643 835 ater.
1698 771 1752 838 16.
1777 763 1831 837 Sic
1849 761 1907 838 etsi
1927 763 2052 842 fundus

447 873 531 944 villae
546 865 683 942 accellio
700 865 756 951 fit,
767 865 843 936 villa
860 887 969 934 tamen
982 864 1091 936 diruta
1104 889 1173 934 non
1187 859 1263 933 ideo
1276 859 1479 934 ususfrudlus
1497 867 1508 950 (
1540 888 1604 963 nge
1616 859 1760 962 legatum
1771 871 1869 958 eum)
1887 869 2048 968 extingui-

448 995 505 1044 tur
519 971 551 1042 d.
562 974 585 1041 l.
609 995 663 1040 ιο.
675 965 711 1038 in
726 964 831 1069 print.
846 974 891 1036 D.
904 961 992 1060 quib.
1007 962 1090 1034 mod.
1105 961 1285 1054 usrrssfrrrbb.
1298 961 1407 1036 amitt.
1475 957 1702 1049 17.1taserro
1720 989 1798 1036 curn
1820 963 1951 1058 peculio
1975 966 2052 1039 reb

353 1057 359 1066 ⁵
450 1073 527 1154 dio,
554 1067 577 1139 sr
594 1061 702 1139 servus
716 1066 840 1164 legatus
855 1063 928 1158 post
944 1084 1087 1132 mortem
1099 1061 1256 1130 testatoris
1270 1062 1388 1152 obierit
1399 1115 1409 1144 ,
1422 1060 1588 1156 peculium
1602 1059 1816 1134 nihilominus
1828 1063 1982 1160 legatario
1993 1064 2051 1138 de.

452 1168 572 1246 betur,
596 1171 620 1238 l.
637 1191 713 1238 tenc
728 1162 844 1236 inatile
860 1189 913 1232 12.
930 1170 977 1234 D.
992 1162 1030 1230 de
1040 1158 1162 1262 peculio
1175 1163 1290 1257 legato:
1311 1166 1387 1229 lmo
1399 1165 1432 1230 ὃ(
1451 1156 1562 1230 statrte
1575 1160 1761 1234 testatorem
1773 1159 1936 1242 decesserit
1949 1167 1984 1234 in
2002 1161 2050 1261 sp.

450 1269 586 1360 bsurde
606 1293 660 1339 22.
672 1269 703 1342 ᾗ.
724 1291 755 1336 ι.
771 1273 816 1337 D.
830 1263 869 1333 de
880 1259 1026 1358 instrutio
1041 1268 1079 1340 cb
1093 1256 1183 1350 instr.
1197 1263 1225 1328 1.·
1248 1310 1256 1328 .
1270 1265 1428 1345 Quorum
1440 1260 1593 1330 omnium
1603 1259 1778 1354 peculiares
1794 1257 1878 1355 sunt}
1888 1265 2050 1338 renones.

406 1343 419 1360 .
451 1371 493 1442 Et
506 1370 540 1438 in
555 1368 604 1437 his
620 1363 755 1460 quidem
771 1357 934 1457 speciebus
970 1360 1116 1457 ignotis,
1143 1285 1334 1440 conliituti,
1359 1353 1589 1448 fidejussronis,
1606 1353 1707 1432 consa:
1720 1359 1963 1432 testamentarioe
1978 1415 1988 1446 ‚
2001 1363 2050 1449 lea
2066 1409 2068 1413 -
2109 1363 2112 1370 ’

452 1487 607 1644 patmum
623 1457 925 1633 adlptrplspcndum:
940 1385 1051 1554 iitretis
1064 1453 1229 1554 prioribus
1240 1455 1301 1528 illis
1310 1509 1322 1542 ,
1338 1480 1412 1553 que
1424 1455 1466 1528 ad
1476 1456 1561 1532 banc
1573 1463 1658 1561 teg.
1670 1466 1706 1530 δι
1720 1457 1856 1532 alteram
1868 1459 1947 1560 legis
1966 1488 2047 1553 ¹²94

475 1587 534 1638 .t.
552 1589 661 1636 rnmus
782 1585 834 1634 nt.

503 1643 555 1738 »lit
582 1665 631 1734 his
647 1589 779 1732 utilem
790 1659 926 1756 appiret
940 1683 1040 1754 quam
1055 1654 1139 1728 male
1150 1656 1226 1728 huic
1242 1661 1328 1756 Reg.
1344 1650 1462 1752 species
1476 1677 1606 1753 aptetur
1628 1683 1648 1729 a
1666 1645 1768 1732 schol.
1794 1656 1883 1731 uafil.
1909 1657 2053 1732 fundum

240 1779 242 1786 “
325 1831 339 1844 ,
455 1765 543 1834 Petri
560 1764 624 1832 emi
639 1760 755 1836 alicui,
780 1753 892 1840 scienti
904 1783 981 1829 eum
992 1757 1134 1830 alienum
1148 1752 1361 1852 ess'etNeque
1376 1755 1564 1852 principalis
1575 1759 1767 1832 contraeas
1779 1753 2054 1856 subsistit,rreque

453 1859 582 1935 studius
597 1859 742 1957 percepti
757 1856 941 1955 ejusfiunt,
971 1857 1182 1943 omniaenim
1207 1854 1437 1928 restituuntur.

929 2061 1175 2134 LIBERTATI
1183 2055 1368 2153 favendum
1379 2053 1417 2128 in
1432 2054 1580 2146 obscure.

702 2261 892 2338 chxtx.
904 2265 1023 2334 IDEM
1041 2261 1205 2351 (Paulus)
1219 2190 1297 2332 libri
1304 2253 1516 2350 sexrodecr‘me
1531 2256 1576 2330 ad
1594 2257 1762 2332 Plautium
1780 2309 1792 2334 .

591 2465 596 2479 “
717 2465 758 2530 In
772 2423 899 2550 obscura
912 2464 1076 2532 voluntate
1089 2455 1366 2543 manumittentis,
1383 2448 1568 2550 savineium
1580 2456 1622 2552 est
1635 2457 1794 2532 libertati.
1844 2505 1845 2510 =

316 2709 318 2716 -
362 2729 365 2736 ,
540 2657 581 2730 ’ὓ
594 2657 856 2752 Mennmiffimes
867 2660 1029 2754 pertinere
1041 2659 1127 2734 hane
1139 2663 1225 2759 Reg.
1237 2679 1310 2732 tunt
1323 2651 1390 2754 ipsa
1403 2649 1476 2730 saris
1492 2654 1653 2737 ostendit,
1679 2679 1752 2730 tum
1765 2661 1802 2730 dt
1826 2654 2056 2753 aliaepraeteree

571 2757 822 2852 quamplurimae
837 2756 940 2856 leges,
966 2778 1004 2831 ex
1018 2757 1136 2830 eodem
1152 2757 1240 2829 Pauli
1255 2757 1342 2832 libro
1362 2764 1415 2828 16.
1430 2757 1473 2828 ad
1487 2756 1667 2830 Plautium:
1681 2759 1770 2831 unde
1783 2783 1821 2832 ea
1830 2757 1982 2852 decerpta
1992 2757 2054 2842 est,

404 2945 407 2951 ¹
457 2849 659 2949 desumpta,
685 2879 764 2952 puta
779 2861 831 2927 lex
851 2884 906 2947 14.
926 2868 972 2930 D.
985 2859 1024 2928 de
1038 2855 1214 2950 manumiffl
1229 2863 1252 2928 b.
1275 2859 1330 2930 18.
1346 2865 1391 2929 D.
1405 2856 1444 2926 de
1457 2879 1600 2930 manaem
1614 2856 1707 2945 mind.
1719 2863 1742 2930 Ι.
1761 2885 1818 2931 20.
1834 2867 1881 2932 D.
1899 2857 1937 2926 de
1948 2855 2058 2948 flere-

452 2951 511 3024 lib.
525 2960 548 3026 l.
571 2957 625 3027 18.
640 2965 685 3027 D.
698 2956 758 3054 qui
772 2967 812 3038 cb
825 2983 846 3026 a
858 2955 945 3054 quib.
959 2983 1102 3028 manum.
1118 2964 1194 3028 lmo
1209 2954 1327 3030 eodem
1339 2979 1480 3052 quoque
1492 2954 1542 3028 lex
1563 2955 1726 3036 emeris.
1741 2967 1835 3050 cujus
1859 2959 2057 3048 interpreta-

453 3053 506 3124 tio
520 3048 718 3126 consulenda
734 3055 801 3127 est.
828 3061 961 3129 Etcum
978 3055 1134 3127 libertatis
1150 3053 1298 3126 favorem
1313 3049 1454 3151 spebiet,
1474 3059 1558 3152 (quo
1574 3077 1722 3152 quatuor
1733 3078 1886 3154 praetem
1898 3053 1998 3141 liujus
2013 3055 2057 3124 ti·-

456 3148 518 3222 tuli
531 3153 666 3251 Regulae
681 3156 867 3248 pertinent,
877 3171 958 3250 puta
972 3153 1022 3227 lex
1043 3183 1097 3227 20.
1116 3162 1196 3226 106.
1217 3181 1296 3226 ιιι.
1319 3155 1443 3240 176.§.
1464 3179 1493 3224 ι.
1503 3144 1601 3257 [epra
1614 3166 1646 3250 ,)
1664 3157 1740 3229 huic
1758 3159 2056 3226 omninoconcor·

455 3247 512 3320 (bt
537 3253 570 3324 d.
594 3256 647 3324 lex
674 3277 731 3325 20.
757 3277 838 3350 puta
859 3277 896 3326 ut
911 3258 944 3326 in
960 3249 1102 3327 obscuro
1115 3253 1256 3326 libertati
1280 3250 1444 3325 faveatur:
1470 3259 1509 3324 In
1525 3249 1690 3333 obscuro,
1716 3259 1854 3350 inquam
1880 3305 1892 3338 ,
1949 3275 1980 3323 ι.
1997 3271 2055 3322 vet
2206 3287 2208 3289 ·

454 3345 516 3419 luri
540 3349 564 3421 sr
584 3353 694 3422 nunus
716 3351 859 3448 liqueat,
885 3375 999 3426 utrum
1015 3353 1341 3441 testutorlibertatem
1355 3358 1557 3426 revocaverit
1573 3349 1814 3440 seuqdemerir,
1825 3377 1885 3425 nec
1901 3377 1942 3423 ne
1956 3403 1965 3432 ,
1979 3369 2058 3446 quae

454 3451 598 3614 pennino
610 3451 656 3520 est
668 3444 785 3545 species
801 3451 831 3524 d.
844 3457 869 3526 i.
889 3479 946 3525 20.
961 3479 1001 3524 ex
1013 3451 1241 3555 Lfipecrrlr'rrm
1261 3477 1316 3522 ro.
1330 3450 1430 3546 infin.
1447 3461 1491 3524 D.
1506 3445 1697 3526 de'manrtm.
1716 3451 1835 3546 restem.
1891 3480 1924 3524 2.
1942 3457 1980 3520 ln
1992 3445 2060 3520 ob·

470 3569 553 3615 curo
566 3569 700 3618 eventus
712 3552 833 3644 pariter
845 3555 926 3624 utin
941 3549 987 3647 sp.
1005 3555 1028 3622 1.
1052 3577 1105 3623 ιο.
1120 3555 1150 3628 i.
1166 3557 1225 3625 ult.
1244 3561 1289 3624 D.
1305 3551 1343 3632 tle
1357 3551 1420 3622 reb.
1434 3551 1509 3622 dub.
1525 3579 1596 3647 quo
1612 3555 1711 3624 etism
1737 3549 1842 3624 rebero
1860 3549 1966 3650 legem
1996 3555 2054 3640 56.

447 3643 569 3745 [epm
625 3651 743 3736 3.1tem
754 3650 788 3718 in
801 3645 939 3722 obscura
950 3649 1120 3722 voluntate
1135 3649 1453 3734 manumittentis,id
1464 3651 1521 3735 cst,
1535 3650 1559 3722 [ι
1573 3655 1683 3724 minus
1696 3651 1819 3748 liqueat
1833 3651 1874 3721 de
1886 3652 2001 3721 animo
2017 3651 2056 3718 δι

454 3741 628 3814 voluntate
641 3750 924 3834 manumittentis,
950 3775 1022 3846 quo
1036 3753 1168 3846 proprie
1181 3751 1248 3822 het
1264 3755 1350 3848 Reg.
1365 3753 1526 3844 pertinet.
1545 3756 1643 3822 Exem
1666 3750 1779 3825 lumin
1794 3755 1852 3846 ιβ
1861 3749 1909 3822 ita
1930 3769 1986 3842 13.
2003 3755 2053 3819 D.
2067 3759 2074 3775 “

327 3913 332 3937 Ι,
455 3841 495 3912 de
507 3869 651 3914 manum.
667 3843 785 3937 testam.
802 3849 992 3944 Exemplum
1008 3858 1042 3920 &
1058 3850 1142 3922 istud
1153 3850 1334 3927 addamus,
1359 3847 1497 3920 liberum
1510 3846 1570 3922 elle
1584 3775 1670 3942 junii
1684 3851 1817 3924 testator
1844 3873 1921 3922 eum
1944 3849 2057 3942 quiin

455 3963 553 4012 utero
567 3945 630 4014 est:
658 3942 765 4038 plures
779 3945 856 4019 editi
872 3943 969 4019 sunt?
995 3953 1061 4020 Hic
1074 3948 1329 4027 obscurum-est,
1356 3950 1586 4021 num‘testator
1597 3949 1743 4046 pluribus
1754 3949 1847 4022 editis
1855 3969 1977 4020 omnes
1991 3969 2058 4016 vos

455 4035 552 4110 luerit
564 4037 623 4112 effe
639 4041 778 4116 liberos:
804 4041 857 4118 sed
869 4049 1052 4124 Justiriano
1064 4048 1206 4144 placuit,
1221 4071 1258 4120 ut
1273 4073 1390 4120 omnes
1401 4045 1492 4120 liberi
1504 4044 1621 4126 ollem,
1636 4045 1755 4144 scilicet
1766 4073 1804 4122 ut
1819 4043 1974 4120 omnibus
1993 4067 2058 4114 na·

455 4139 497 4207 tis
510 4142 622 4232 potius
636 4165 737 4236 quam
750 4144 1158 4229 nullilibertasdebeatur,
1184 4143 1400 4220 rionadmiffa
1422 4148 1601 4220 voluntatis
1622 4149 1800 4246 questione
1822 4149 1882 4235 (ut
1905 4149 1940 4216 in
1965 4137 2013 4238 sp.
2029 4145 2070 4240 1.Ι

387 4246 388 4255 ¹
457 4257 513 4325 ¹7·
525 4241 555 4314 l.
575 4261 607 4310 1.
624 4249 669 4312 D.
683 4242 721 4312 de
734 4245 791 4342 leg.
811 4251 867 4337 r.)
884 4250 968 4346 iege,
994 4275 1069 4324 cum
1080 4250 1165 4319 irater
1177 4273 1318 4330 vereret,
1350 4271 1404 4336 14.
1422 4249 1506 4336 verfi
1514 4253 1579 4338 fine
1591 4275 1699 4320 eurem
1711 4253 1836 4352 plures,
1865 4255 1941 4348 Cep.
1958 4245 1997 4314 de
2007 4243 2056 4336 fi·

452 4335 535 4407 deit.
549 4335 653 4413 libert.
669 4337 726 4410 ubi
741 4341 850 4416 similis
866 4347 994 4446 Regula
1005 4346 1068 4440 pro
1085 4350 1211 4416 ratione
1224 4345 1367 4416 redditur
1377 4370 1387 4414 t
1399 4353 1436 4416 br
1446 4346 1611 4446 ambiguis
1617 4349 1751 4444 sensibus
1765 4345 1877 4421 meliro
1888 4344 1964 4437 effer
1983 4368 2055 4412 m·

455 4435 544 4506 xime
556 4435 592 4508 in
607 4439 749 4513 libertate
756 4445 875 4535 fauore
888 4451 976 4534 ejus,
1003 4445 1219 4516 humaniorem
1232 4443 1588 4547 areptenr'serrenriare:
1639 4476 1674 4537 4.
1688 4455 1772 4520 Item
1787 4448 1866 4544 quia
1876 4438 2055 4516 obscurum

454 4535 501 4604 est
503 4539 640 4704 1querulo
655 4537 796 4612 voluerit
811 4539 871 4614 effe
882 4542 1018 4628 liberos,
1045 4566 1082 4615 ut
1098 4547 1131 4616 in
1150 4539 1196 4639 sp.
1212 4549 1233 4616 l.
1248 4551 1308 4617 rsit.
1327 4553 1372 4618 D.
1386 4545 1514 4644 qaijine
1527 4573 1670 4620 manum.
1724 4573 1757 4642 5.
1770 4542 1948 4622 Tandem,
1977 4545 2056 4638 quia

456 4631 503 4704 ob

517 4639 711 4715 curumest,
735 4667 818 4712 num
833 4639 1003 4714 voluntate
1015 4649 1050 4712 dt
1066 4643 1204 4716 consilio
1219 4643 1479 4716 fraudandorum
1491 4647 1698 4719 creditorum·
1710 4643 1840 4718 debitor
1855 4636 1965 4714 servos
1985 4665 2057 4710 ma-

456 4729 645 4812 numiserit,
662 4741 674 4824 (
683 4761 752 4807 non
766 4744 856 4811 enim
872 4764 1009 4814 eventus
1020 4763 1174 4817 tantum,
1198 4749 1425 4814 verumetiam
1439 4743 1609 4816 fraudandi
1626 4745 1780 4817 voluntas
1806 4739 1859 4816 seu
1884 4739 2058 4815 consilium

354 4841 360 4851 “
457 4837 656 4928 requiritur)
676 4840 699 4905 l.
717 4861 771 4908 ιο.
784 4847 831 4910 D.
845 4839 904 4934 qni
918 4851 957 4922 cb*
970 4870 990 4910 a
1003 4839 1089 4940 quib.
1105 4868 1247 4912 manum.
1260 4845 1339 4923 &b
1361 4871 1391 4934 p.
1403 4843 1477 4934 lest.
1494 4844 1581 4940 quib.
1595 4873 1636 4918 err
1655 4845 1744 4935 caefi
1766 4871 1909 4916 metram.
1922 4845 1990 4914 His
2011 4831 2061 4908 sa-
2176 4899 2181 4905 .

458 4953 502 5000 sae
514 4931 636 5008 casibus
652 4936 809 5012 ominbus
823 4939 858 5010 in
871 4933 1010 5014 obscum
1024 4939 1195 5018 voluntate
1206 4942 1468 5016 manumittetur
1484 4941 1664 5020 favendum
1673 4945 1723 5020 est
1735 4943 1897 5020 bbettati.
2003 4992 2009 5004 ·

1996 5039 2070 5120 Mi·
