4692 5960
450 603 498 689 ff
828 583 1728 665 JACOBIGOTHOFREDb
1814 591 1839 609 ⁰
1919 585 1926 601 '
2077 666 2083 675 ,

444 694 621 794 provincia
633 710 709 762 ante
727 689 893 760 contraxit
912 738 924 771 ,
951 686 1129 762 conveniri
1150 711 1220 758 non
1244 682 1352 784 pulset
1376 686 1504 762 stextra
1516 693 1723 784 provinciam
1739 685 1853 773 suam,
1877 689 1928 766 uel
1942 695 1978 767 in
1993 701 2063 770 m:

446 798 491 867 lia
503 787 617 889 polle²
638 797 661 864 I.
679 817 711 861 2.
728 793 757 866 ξ.
775 813 809 880 5.
828 791 851 888 l.
868 813 924 878 39.
937 789 966 864 §.
983 781 1124 856 a.'D.dr
1130 786 1273 876 juditiis
1291 841 1300 860 .
1329 785 1579 890 Defirtitrrmque
1595 788 1684 863 idem
1697 790 1792 873 fore,
1818 791 1927 868 finon
1942 797 1977 868 in
1992 790 2060 892 ips.

447 894 585 992 quidem
595 889 686 964 India
701 883 936 968 contraxisset,
957 895 1080 956 verum
1090 887 1127 955 in
1139 881 1250 959 hasulis
1267 885 1389 974 Italiae,
1410 891 1442 963 d.
1457 897 1480 964 I.
1498 919 1533 982 9.
1550 887 1798 988 Quaesrtumque
1812 890 1880 964 fors
1894 891 2033 966 ulterius

443 1012 556 1065 utrum
567 989 654 1063 idern
666 988 845 1061 dicendum
859 981 952 1070 esset,
964 981 987 1053 st
1000 1008 1073 1054 non
1086 986 1123 1054 in
1134 985 1232 1058 Italia.
1241 986 1293 1061 vel
1310 987 1410 1062 Italiae
1421 986 1535 1064 hasulis
1548 987 1752 1062 contraxisset
1763 1045 1772 1072 .
1787 1017 1904 1064 vetum
1915 996 1950 1065 in
1963 975 2057 1090 pro-’

341 1129 349 1136 ·
440 1095 550 1164 vincia
564 1091 708 1186 quadam
724 1112 798 1190 quae
811 1087 1011 1182 temporaria
1024 1091 1267 1178 permutatione
1279 1085 1382 1158 Italiae
1401 1089 1512 1163 addita
1526 1085 1652 1162 suisset?
1678 1090 1871 1187 Exemplum
1885 1117 2053 1188 ponamus

441 1193 476 1263 in
499 1191 629 1295 Alpina
643 1183 822 1264 Provincia.
834 1239 847 1270 ,
859 1209 933 1282 quae
946 1181 1052 1254 modo
1070 1183 1173 1254 Italiae
1187 1229 1197 1265 ‚
1211 1185 1316 1258 modo
1331 1185 1442 1260 Galliis.
1454 1189 1611 1279 accenstta
1625 1187 1701 1276 suit,
1717 1216 1755 1262 ac
1770 1191 2052 1264 nominatim'AI-

436 1315 491 1396 prs
506 1296 630 1381 Grajt,
657 1311 693 1359 ut
716 1287 790 1384 post
802 1285 869 1355 laec
884 1307 1036 1378 tempora
1055 1307 1093 1352 ex
1108 1282 1206 1356 Ruso
1219 1288 1333 1372 Festo,
1359 1292 1393 1359 in
1406 1291 1570 1362 Breviorio
1588 1338 1598 1368 ,
1627 1291 1808 1362 Ammiano
1823 1289 2020 1363 Marcellino
2039 1335 2050 1373 ,
2114 1321 2125 1340 ⁸

439 1391 553 1463 Indice
566 1390 778 1462 Sconoviano
795 1391 832 1454 &
844 1385 978 1454 Notitia
988 1385 1120 1476 Imperii
1136 1385 1286 1456 &Paulo
1303 1390 1456 1462 Diacono
1469 1384 1638 1462 discimus:
1649 1411 1737 1462 terte
1748 1388 1845 1472 Italia
1856 1387 1956 1486 Alpes
1967 1417 2051 1466 cort·

436 1495 627 1590 junguntur
644 1493 679 1561 in
695 1493 718 1558 t.
742 1511 774 1558 t.
790 1495 831 1556 C.
846 1485 909 1556 Th.
924 1485 963 1554 dr
976 1482 1158 1571 desertoris.
1173 1482 1231 1558 ubi
1243 1486 1354 1558 dicam
1367 1537 1381 1560 .

491 1593 625 1678 Quinto
636 1585 824 1688 fingamus,
845 1583 886 1654 de
901 1581 1066 1678 inofficiosa
1084 1587 1287 1658 nominatim
1298 1586 1478 1680 telinmrnto
1499 1589 1550 1688 agi
1563 1582 1714 1660 adversus
1729 1591 1848 1682 Syrum
1865 1587 2018 1664 heredem
2032 1605 2045 1663 t

436 1691 520 1761 Sane
534 1693 569 1761 in
591 1692 684 1782 Syria
696 1741 708 1774 ‚
722 1691 760 1758 in
773 1711 842 1780 qua
855 1681 1067 1754 domicilium
1075 1682 1169 1754 heret
1181 1681 1303 1771 habor,
1314 1689 1367 1788 agi
1382 1709 1535 1784 oportet,
1547 1689 1669 1760 norrin
1684 1687 1862 1771 Palaestina.
1878 1687 1931 1762 vel
1948 1689 2045 1762 th-

435 1791 533 1874 nice,
559 1795 581 1862 l.
600 1817 656 1878 29.
672 1791 702 1863 5.
723 1789 783 1857 trlt.
802 1794 846 1858 D.
865 1783 903 1854 de
917 1781 1006 1875 inoffi
1018 1781 1141 1873 reflant.
1599 1823 1600 1826 =

423 1887 425 1894 ’
483 1894 584 1960 Sexto
596 1912 708 1984 neque
717 1883 761 1957 ab
772 1883 838 1955 hoc
853 1883 995 1952 tratiatu
1011 1876 1145 1975 prorsus
1158 1881 1404 1983 abludittquod
1416 1883 1570 1960 definitur
1583 1892 1644 1962 I.t.
1663 1887 1739 1961 Cori.
1755 1886 1810 1960 abi
1818 1887 1855 1960 in
1870 1889 2045 1977 martio,

432 1989 674 2080 Jrrrifdiilirnr'r
680 1989 825 2078 form
835 1983 873 2056 in
888 1985 1083 2054 EADEM
1096 1991 1367 2059 PROVINCIA
1381 1986 1558 2080 constitutis
1574 2009 1641 2060 tant
1653 1987 1783 2092 petitore
1797 2014 1896 2084 qnam
1906 1987 2041 2089 pofflffi.

314 2154 317 2164 ,
429 2113 464 2156 re
482 2141 493 2170 ‚
509 2089 544 2160 ab
555 2086 691 2160 ardoris
700 2085 885 2189 personam,
900 2080 958 2179 qni
974 2081 1009 2151 in
1028 2087 1158 2154 ALIA
1172 2089 1443 2160 PROVINCIA
1453 2088 1519 2181 est,
1543 2115 1605 2160 nort
1620 2087 1727 2159 debere
1740 2091 2039 2165 IMMUTARI'.

429 2189 496 2258 Cui
510 2190 660 2260 concinit
673 2197 714 2268 ti·
726 2189 778 2256 lex
790 2211 850 2276 49.
868 2182 964 2256 D.‘rlr
977 2179 1088 2274 judic.
1105 2179 1159 2252 Ad
1175 2205 1246 2253 rem
1259 2236 1267 2254 .
1281 2187 1454 2258 postremis
1467 2191 1568 2286 igitur
1583 2185 1707 2260 talibus
1730 2194 1767 2258 δε
1789 2181 1953 2282 speciebus
1970 2188 2040 2263 hec

431 2287 465 2355 R
512 2339 522 2356 .
537 2285 677 2381 aptanda
689 2280 819 2356 videtui
835 2335 846 2366 ‚
873 2305 949 2353 tum
960 2303 1157 2378 argumento
1172 2281 1246 2354 libri
1264 2309 1318 2373 14.
1336 2284 1381 2355 ad
1391 2283 1543 2358 edietum
1558 2286 1695 2384 Ulpiani
1713 2333 1723 2366 r
1740 2285 1829 2357 unde
1840 2285 1907 2358 ltaec
1920 2285 1969 2358 lex
1983 2309 2037 2358 to-

430 2311 646 2480 taisesumpta
659 2385 719 2457 est:
745 2405 819 2454 tum
834 2405 904 2480 arg.
920 2380 1039 2474 prioris
1057 2378 1192 2480 Regulae
1208 2381 1306 2472 hujus
1326 2382 1349 2454 l.
1364 2383 1407 2457 stc
1421 2408 1458 2455 ut
1470 2387 1539 2458 hare
1556 2385 1610 2458 illa
1645 2386 1780 2458 osterior
1793 2409 1866 2456 non
1885 2384 1984 2480 poffit
1995 2383 2037 2461 ad

360 2486 362 2492 '
427 2485 626 2555 anteriorem
644 2485 788 2580 aliquem
804 2483 981 2552 crustarum
996 2477 1106 2550 referri
1119 2483 1433 2576 quamcuiinitium
1449 2483 1546 2578 hujus
1561 2483 1588 2556 l.
1614 2511 1656 2555 eu
1667 2487 1763 2578 prior
1774 2483 1906 2582 Regula
1919 2509 2034 2580 aptan-

426 2580 589 2656 davenit.
616 2589 656 2656 Et
682 2581 724 2656 src
738 2579 879 2678 aptanda
892 2601 1030 2676 quoque
1044 2579 1113 2650 haec
1135 2579 1246 2650 nostra
1259 2575 1312 2653 seu
1330 2585 1517 2682 posterior,
1532 2579 1750 2675 judicialibus
1771 2582 2034 2658 conventionibus

424 2681 460 2752 in
476 2707 605 2780 genere:
619 2707 697 2754 mox
709 2686 807 2754 etiarn
821 2682 856 2752 in
868 2673 970 2774 specie
982 2676 1106 2771 judicio
1119 2682 1359 2756 Centumvirali
1368 2679 1423 2756 seu
1448 2683 1596 2772 Querela
1607 2681 1647 2753 de
1660 2675 1846 2753 inofficioso
1861 2682 2036 2756 testamen.

425 2799 462 2850 to
476 2833 488 2864 ,
516 2807 588 2878 quo
602 2785 749 2878 priorem
762 2781 859 2875 hujus
871 2777 894 2851 l.
912 2775 1076 2876 Regulam
1089 2801 1227 2874 quoque
1243 2777 1353 2856 referri
1369 2779 1456 2879 posse
1471 2780 1596 2854 ostendi
1614 2827 1623 2857 r
1640 2779 1704 2852 save
1717 2778 1769 2855 alii
1780 2779 1904 2874 judicio
1918 2780 1959 2852 de
1975 2783 2034 2856 lte.

425 2879 573 2952 redimis
589 2882 762 2986 petitione:
788 2879 830 2952 de
848 2877 900 2950 his
921 2879 1012 2950 enim
1031 2876 1096 2950 lroc
1114 2877 1200 2949 libro
1219 2903 1274 2969 14.
1292 2881 1333 2954 ad
1348 2882 1502 2956 mittum
1518 2887 1587 2984 egit
1602 2879 1795 2978 Ulpianus,
1817 2877 1859 2950 de
1875 2877 2030 2976 judiciis,

423 2977 591 3074 inquam,
617 2987 651 3054 in
665 3007 782 3082 genere
799 3035 810 3066 ,
834 2987 870 3050 δι
884 2978 927 3050 da
939 2973 1069 3070 judiciis
1079 2971 1245 3072 speciatim
1263 2978 1304 3054 de
1316 2981 1504 3056 hereditatis
1512 2984 1696 3080 petitione.

471 3077 624 3153 Tandem
638 3079 766 3154 infinita
785 3075 861 3151 sunt
876 3073 1022 3172 exempla
1039 3079 1073 3148 in
1095 3082 1166 3168 iure
1180 3077 1312 3162 nostro,
1339 3080 1461 3190 quibus
1482 3081 1666 3180 plurimum
1680 3078 1833 3165 interest,
1859 3081 2031 3174 ptorincia

421 3173 530 3273 aliqua
544 3177 710 3253 eademne
723 3175 893 3256 censeatur.
914 3203 956 3247 an
971 3170 1096 3248 diversa
1113 3171 1167 3247 seu
1180 3178 1241 3250 alia
1261 3185 1455 3274 provincia:
1481 3181 1583 3254 veluti
1601 3183 1636 3253 in
1656 3177 1860 3272 judicialibus
1879 3205 2028 3252 conven-

422 3275 597 3366 tionibus,
620 3285 655 3352 in
679 3277 911 3357 dilationibus,
936 3274 1148 3354 actionibus.
1172 3279 1209 3346 in
1232 3277 1730 3376 appellationum'persecutione
1751 3274 1806 3350 seu
1824 3277 2029 3373 temporibus

418 3377 675 3542 pppellationum
692 3419 707 3460 ,·
730 3377 763 3452 id
776 3401 880 3479 genus
900 3373 970 3446 aliis
981 3371 1207 3467 judicialibust
1231 3375 1375 3474 denique
1390 3386 1427 3448 dt
1439 3384 1473 3449 in
1494 3375 1812 3472 praescriptionibus.
1839 3383 1913 3450 Hac
1927 3381 2028 3476 igitur

432 3480 524 3570 petit
545 3479 597 3550 hic
612 3474 766 3564 admissa,
793 3477 858 3549 hoc
875 3472 1070 3570 intendat,
1086 3473 1126 3545 de
1139 3471 1348 3573 fingulotum
1360 3481 1424 3568 jam
1440 3479 1474 3547 in
1490 3477 1550 3547 hac
1566 3482 1652 3576 Reg.
1669 3474 2029 3575 verborum-dignifica-

419 3575 511 3648 tione
525 3577 668 3674 liqueat:
679 3581 814 3656 Primo,
830 3565 1013 3678 temporarii
1027 3571 1243 3669 appellatione
1256 3601 1326 3646 non
1342 3576 1553 3647 temerarium
1566 3575 1649 3672 quid
1662 3571 1830 3647 &casuale
1841 3574 2027 3672 intelligen-

346 3673 348 3678 ’
418 3673 501 3748 dum
515 3673 601 3764 else,
627 3677 722 3777 quod
732 3679 888 3770 Cujacius
903 3671 1065 3752 credidit,
1093 3697 1208 3746 vetum
1226 3697 1499 3748 momentaneum
1515 3676 1597 3771 quid
1611 3675 1694 3746 &in
1708 3696 1857 3772 tempore
1872 3672 1996 3744 fatiam
2012 3725 2024 3758 ,

416 3777 580 3877 quodque
598 3805 688 3852 extra
703 3777 855 3852 ordinem
869 3798 932 3872 pro
950 3795 1140 3870 tempotum
1156 3774 1340 3848 necessitate
1351 3775 1401 3848 vel
1417 3775 1557 3848 utilitate
1571 3782 1639 3869 jam
1652 3771 1687 3845 fit
1704 3828 1715 3858 ,
1738 3803 1821 3861 nepo
1831 3799 1890 3841 ran
1901 3797 2027 3858 nytnnr

414 3873 453 3945 tle
468 3878 723 3982 magistratibus,
750 3881 809 3978 qui
821 3901 888 3969 προσ
901 3901 1070 3964 trituranti
1084 3901 1301 3963 neutrorum.
1316 3883 1504 3948 statuerant
1520 3899 1654 3948 ntratnor
1660 3873 1838 3964 secundum
1851 3891 2033 3972 temporum

414 3980 661 4145 ppportrrnitares
669 3979 878 4078 gubernantes
890 3974 983 4048 varie
992 3976 1181 4080 proripiunt
1195 4029 1206 4059 ,
1223 3981 1306 4050 utin
1318 3978 1379 4051 hac
1394 3977 1592 4072 reloquitur
1606 3972 1722 4046 Strabo
1735 3969 1792 4044 III.
1807 3999 1844 4060 4.
1858 3976 1939 4056 Quo
1953 3962 2026 4042 sen·

430 4101 450 4142 u
465 4077 657 4178 temporaria
677 4078 789 4164 seder,
815 4075 1040 4154 liberalitas&
1056 4075 1245 4149 indiiliorter
1259 4075 1471 4178 temporario,
1501 4073 1681 4167 similiaque
1701 4067 1878 4144 dicuntur:
1905 4067 2025 4156 Quod-

414 4197 481 4266 que
497 4195 587 4243 retro
601 4177 812 4266 intempore
825 4168 956 4242 rursum
970 4175 1090 4243 mutati
1104 4174 1231 4268 potest,
1258 4181 1293 4242 &
1308 4173 1350 4242 ad
1365 4169 1456 4242 suam
1469 4169 1573 4242 redire
1598 4190 1767 4239 naturam:
1794 4165 1895 4239 veluti
1910 4215 1920 4248 ,
1945 4191 2026 4242 cum

413 4291 451 4339 ex
473 4291 665 4366 temponrm
684 4267 868 4341 necelsrtate
885 4268 938 4340 vel
962 4267 1101 4340 utilitate
1119 4269 1249 4366 publica
1262 4270 1335 4340 duae
1350 4273 1529 4366 provincie
1544 4272 1578 4340 in
1594 4293 1696 4338 unam
1707 4265 2024 4340 administrationem

413 4361 540 4441 sociata
554 4397 573 4442 a
585 4366 616 4442 se
635 4374 777 4442 invicem
795 4361 923 4441 rursum
935 4365 1160 4440 divelluntur.
1178 4373 1231 4440 Ut
1245 4367 1365 4442 &alias
1378 4372 1511 4469 integre
1527 4367 1731 4466 quandoque
1748 4369 1926 4463 provincia
1939 4389 2024 4438 tem·

407 4471 577 4568 porariam
592 4471 875 4565 permutationem
893 4461 984 4564 palsae
998 4517 1009 4550 ,
1035 4469 1178 4564 pristino
1189 4469 1282 4539 statui
1296 4463 1343 4539 sui
1356 4465 1604 4541 restituebantur
1618 4523 1627 4540 .
1654 4471 1705 4539 Sic
1716 4471 1805 4538 enirn
1820 4473 1855 4538 δι
1869 4465 1911 4540 de
1925 4468 2024 4562 Lycia

259 4595 269 4618 ·
409 4573 583 4666 provincia
595 4569 641 4642 ob
653 4573 835 4644 Tatianum
849 4565 1029 4664 aliquando
1046 4621 1057 4654 ,
1081 4573 1399 4651 TEMPORARIA
1419 4563 1600 4640 offensione
1616 4565 1772 4640 infamata
1786 4618 1795 4648 ‚
1823 4565 1931 4662 deque
1946 4591 2024 4664 gra·
2046 4587 2056 4608 *

409 4667 456 4740 du
474 4665 532 4742 suo
548 4669 697 4764 dejedla,
723 4693 802 4740 mox
816 4664 946 4740 rursum
965 4669 1109 4740 restituta
1125 4712 1135 4747 r
1160 4665 1313 4762 famaque
1328 4675 1396 4765 eius
1408 4670 1598 4762 meritoque
1614 4671 1851 4738 intet‘caeteras
1873 4669 2024 4738 RENO-

409 4773 547 4850 VATIS
563 4767 750 4866 exemplum
769 4767 873 4840 exstat
881 4771 916 4838 in
938 4771 962 4838 I.
977 4794 1011 4856 9.
1033 4769 1109 4840 Cod.
1127 4769 1190 4839 Th.
1208 4769 1244 4838 dr
1266 4767 1391 4868 indulg.
1409 4767 1610 4840 criminum.
1638 4767 1713 4840 Ner
1742 4766 1861 4843 nnius,
1888 4767 2022 4860 inquit,

407 4864 478 4939 viri
495 4870 636 4963 Illustrit
653 4868 791 4945 Titiani
810 4891 937 4944 tarttrtm
956 4867 1098 4946 voluerit
1110 4865 1547 4966 TEMPORALIS'offinfio
1572 4865 1728 4941 teterrimi
1739 4863 1869 4959 judicis
1891 4861 2025 5053 inplqici

418 4990 423 5000 .
1539 5021 1544 5030 Ι
1985 4987 2025 5032 ῃ-
