4632 5916
439 663 1266 752 uetueruntcnroururunnvreort.
1282 655 1661 746 Jnvoteurrteoo.
1808 691 1885 758 277·

291 758 422 866 litisque
433 765 571 862 posrtae?
596 771 672 838 lmo
688 763 912 837 Tribonianus
924 789 988 860 pro
1002 766 1150 836 instituto
1163 763 1222 836 suo
1235 766 1319 838 hanc
1333 766 1357 838 I.
1370 771 1455 838 inter
1480 771 1629 864 quinque
1654 763 1803 843 Javoleni
1828 767 1879 840 re-¹

315 865 380 936 ulas
393 867 554 936 continuo
570 862 709 942 ordine,
733 865 934 958 propriaque
960 859 1053 948 sede,
1080 869 1114 934 δι
1132 864 1329 958 postremam
1364 867 1499 960 quidern
1520 867 1631 949 hanc,
1654 864 1796 938 locatam
1815 891 1879 938 voa

289 891 350 1034 luit
361 1017 370 1035 .
383 965 439 1034 elit
453 964 669 1058 postremum,
683 961 778 1058 quod
794 957 861 1056 ipsa
877 966 961 1033 ratio
974 959 1103 1039 doceat,
1114 959 1319 1034 definitiones
1335 963 1527 1034 Dialedicas
1541 965 1574 1033 in
1590 970 1659 1056 jure
1672 963 1878 1058 potissinrum

287 1057 480 1156 periculosas
494 1068 529 1132 &
542 1059 666 1137 fallaces
681 1057 760 1146 elle,
774 1057 935 1155 quodque
948 1057 1083 1132 infinitis
1095 1063 1319 1156 experimentis
1333 1062 1545 1132 demonstrari
1556 1059 1652 1156 poffit
1666 1117 1679 1146 ,
1694 1063 1762 1134 illas
1775 1111 1783 1140 .
1797 1087 1881 1160 quat
1956 1125 1960 1141 .

286 1163 364 1250 juris
381 1163 529 1231 nudiores
544 1158 746 1232 tradiderunt
758 1155 983 1236 definitiones,
999 1163 1108 1232 minus
1123 1183 1209 1230 tutas
1219 1155 1298 1243 elle,
1313 1157 1337 1230 sr
1351 1161 1392 1230 ad
1406 1159 1523 1250 justam
1537 1160 1792 1234 Dialedlicorum
1806 1163 1875 1234 lan-

286 1261 554 1356 cemexigantur.
581 1257 675 1330 Esto.
703 1257 765 1330 Sed
779 1263 814 1329 &
828 1257 893 1329 hoc
908 1253 1014 1352 ipsum
1028 1253 1102 1328 sane
1116 1256 1158 1330 de
1172 1258 1309 1356 Regulis
1325 1262 1412 1336 Juris
1430 1253 1524 1354 supra
1546 1259 1710 1332 cumulate
1736 1260 1879 1332 ostendi-

285 1379 361 1428 mus
375 1406 383 1425 .
412 1361 547 1428 Maneat
560 1360 684 1456 igitur,
710 1355 933 1452 Dfinitlenem
946 1358 998 1428 hic
1008 1382 1071 1452 pro
1084 1357 1213 1456 Regula
1224 1357 1468 1452 accipiendam.
1496 1363 1538 1428 Et
1552 1352 1645 1436 sane,
1674 1381 1711 1428 ut
1726 1359 1820 1430 novis
1843 1358 1878 1432 r'd

254 1530 259 1541 ,
285 1460 487 1551 argumentis
503 1481 657 1528 nuncrna
681 1459 707 1526 is
722 1452 890 1554 magisque
902 1455 1078 1534 stabiliam,
1105 1453 1309 1528 notandum.
1340 1459 1451 1528 Primo
1465 1457 1548 1527 hanc
1563 1454 1585 1528 l.
1610 1450 1815 1550 desumptam
1840 1481 1879 1529 ex

286 1551 436 1628 Iauoleni
451 1553 537 1626 libris
551 1483 766 1649 Epistolarum
780 1602 789 1634 ,
802 1561 836 1626 &
854 1553 895 1626 src
906 1581 978 1628 non
993 1581 1030 1628 ex
1043 1553 1130 1626 libris
1144 1559 1350 1654 Dogmaticis
1364 1555 1566 1626 Theoreticis
1580 1604 1589 1631 ,
1601 1581 1717 1626 verum
1729 1579 1765 1624 ert
1779 1559 1879 1656 Prag-
1930 1583 1933 1590 ¹

284 1653 411 1722 maticis
424 1649 513 1724 libris
535 1653 755 1756 Responsum
768 1660 836 1748 ejus
851 1677 909 1748 per
924 1655 1118 1750 Epistolarn:
1144 1653 1200 1724 ubi
1214 1656 1267 1724 vix
1293 1655 1361 1734 est,
1388 1675 1424 1726 ut
1450 1651 1626 1742 Iavolenus
1650 1656 1685 1726 in
1709 1653 1878 1750 proposrta

282 1745 358 1817 faui
374 1751 549 1844 quastione
565 1751 756 1832 conlultus,
782 1753 824 1825 de
839 1755 963 1851 Logica
977 1750 1166 1824 definitione
1181 1742 1396 1846 ‹puldquame
1420 1755 1479 1824 erit
1493 1755 1744 1851 cogitaverirve,
1761 1777 1876 1826 verunt

284 1843 326 1916 de
339 1846 538 1922 Definitione
552 1857 686 1946 potius,
711 1851 744 1924 id
759 1851 825 1939 est,
853 1851 980 1950 Regula
995 1855 1183 1946 Juriszquae
1197 1875 1274 1922 curn
1288 1877 1348 1945 pro
1362 1849 1407 1921 du
1435 1849 1533 1922 'tandi
1546 1857 1671 1922 ratione
1685 1849 1735 1922 vel
1751 1877 1769 1922 a
1792 1873 1875 1926 con·

115 1959 147 2024 ¹,
281 1935 424 2030 sutore,
438 1949 500 2020 'vel
516 1949 558 2021 ab
569 1945 708 2048 ipsomet
723 1949 919 2024 inruodium
931 1948 1024 2020 allata
1039 1943 1163 2028 fuill'et,
1190 1949 1255 2020 hoe
1270 1941 1425 2044 responso
1449 1943 1507 2022 suo
1533 1953 1718 2034 monuerit,
1743 1953 1875 2044 pericu·

280 2037 347 2114 lose
363 2063 498 2118 omnent
512 2047 755 2136 definitionem,
782 2049 894 2134 idest,
926 2047 1110 2148 Regulam,
1138 2047 1255 2138 objici.
1284 2045 1469 2136 Quomodo
1494 2047 1611 2120 eodem
1635 2047 1731 2145 plane
1754 2043 1870 2132 sensu,

280 2141 398 2219 Paulus
412 2147 581 2242 proposrra
594 2149 736 2244 quadarn
751 2149 985 2224 constitutione
998 2143 1050 2218 seu
1066 2155 1086 2224 J
1090 2173 1146 2220 ure
1160 2146 1255 2241 quod
1269 2172 1391 2222 veteres
1404 2147 1658 2231 constituerant,
1674 2147 1708 2223 id
1718 2147 1784 2224 est,
1806 2153 1875 2221 Re-

278 2238 377 2406 gula,
403 2249 490 2320 Jutis
505 2247 644 2328 Civilis,
671 2270 787 2322 utrum
798 2241 1111 2342 perpetuaeaelset,
1138 2252 1172 2317 &
1190 2245 1324 2342 quidem
1339 2251 1374 2322 iu
1393 2241 1467 2320 casu
1496 2245 1689 2344 propofiw,
1713 2273 1750 2318 ex
1775 2242 1873 2319 Celso
1994 2257 2004 2280 ,,
2122 2232 2130 2270 ·.

303 2335 392 2410 efinit
405 2369 476 2413 eam
493 2367 683 2440 perpetuom
697 2373 766 2420 non
781 2343 859 2418 ellit:
884 2345 1019 2432 addito,
1047 2373 1083 2417 ex
1095 2346 1211 2418 eodem
1224 2339 1345 2430 Celso,
1373 2342 1430 2416 sub
1444 2349 1637 2418 authoritate
1662 2353 1681 2424 J
1685 2347 1748 2416 uris
1772 2339 1873 2416 scien·

279 2437 330 2510 riae
345 2436 537 2536 plerumque
552 2442 730 2539 perniciose
742 2447 868 2530 errari,
894 2451 917 2516 I.
935 2471 994 2534 91,
1012 2451 1041 2523 §.
1064 2473 1093 2538 3.
1116 2455 1159 2516 D.
1174 2447 1212 2514 de
1230 2453 1269 2516 V.
1292 2453 1332 2518 0.
1345 2442 1379 2516 id
1403 2437 1474 2529 est,
1500 2440 1559 2534 suls¹
1585 2447 1777 2514 auctoritate
1800 2447 1870 2513 Re-

277 2532 430 2630 gularum
445 2543 557 2618 Juris,
584 2539 703 2616 scilicet
716 2544 831 2618 Civilis
844 2595 852 2614 .
878 2537 1066 2630 Quomodo
1082 2549 1118 2612 δι
1134 2543 1188 2612 uic
1205 2543 1348 2622 dicitur,
1373 2542 1473 2612 mnis
1487 2541 1634 2638 definitie
1649 2538 1685 2612 in
1713 2549 1797 2630 Jm
1813 2541 1870 2613 ci-

276 2629 356 2715 vili,
369 2641 404 2703 δι
418 2637 505 2708 idern
518 2640 695 2714 Iavolenus
708 2641 766 2712 lib.
784 2668 818 2728 9.
838 2639 1053 2733 Epistolarum
1067 2639 1103 2710 in
1118 2643 1141 2710 l.
1160 2669 1179 2712 2
1186 2669 1218 2732 3.
1231 2642 1268 2712 de
1282 2642 1412 2743 ufiecep.
1429 2639 1507 2712 dixit
1518 2691 1527 2718 ,
1540 2640 1672 2713 minime
1685 2633 1873 2712 conveniens

273 2723 334 2800 e'ffe
348 2737 469 2807 JURE
482 2739 647 2820 CIVlLl,
674 2761 711 2810 ret
724 2765 790 2810 eene
803 2767 851 2810 ree
864 2737 990 2830 diversss
1004 2738 1193 2840 temporibus
1206 2740 1379 2840 capiatur,
1403 2739 1458 2808 ubi
1483 2739 1574 2810 vidos
1594 2742 1691 2810 etiarn
1706 2735 1870 2836 Regulam
1883 2773 1887 2782 ·

274 2831 366 2902 Iuris
374 2833 491 2903 Civilis
505 2833 546 2902 ab
558 2859 599 2905 eo
615 2839 749 2930 urgeri,
773 2837 814 2906 de
828 2861 899 2928 quo
912 2835 1062 2930 alioquin
1080 2834 1240 2912 Iavoleno
1256 2835 1377 2910 Plinius
1391 2833 1496 2930 liae.
1512 2835 1599 2938 epist.
1619 2860 1673 2926 ¹5·
1690 2859 1767 2922 eum
1792 2829 1869 2906 licet

273 2925 371 2998 dubie
378 2921 547 3017 seniiaris,
572 2930 670 3002 etiem
688 2938 706 3008 J
711 2937 768 3006 US
781 2935 935 3006 CIVILE
945 2933 1070 3036 publice
1083 2933 1280 3036 respondisti.
1308 2941 1348 3006 Et
1373 2929 1548 3030 proferto,
1572 2931 1666 3030 quod
1690 2925 1870 3004 secundum

228 3049 234 3060 ·
274 3047 470 3118 novumque
483 3051 714 3126 argumentum
729 3024 946 3126 superioribus
958 3033 1066 3112 adelo,
1081 3033 1148 3105 hac
1160 3029 1546 3124 lpsaJURISCIVILIS
1558 3055 1598 3126 ap
1623 3021 1730 3101 ellatio
1759 3027 1869 3102 osten-

273 3117 323 3190 dit
339 3125 391 3222 agi
405 3126 456 3196 hic
471 3151 541 3196 non
555 3127 596 3196 de
609 3124 798 3202 defiuitione
809 3150 882 3228 quae
894 3149 1043 3202 naturam
1060 3136 1094 3202 &
1108 3126 1316 3202 substantiam
1328 3135 1372 3202 rei
1387 3129 1519 3220 alicujus
1545 3055 1718 3226 dedribih
1746 3123 1799 3200 seu
1826 3127 1868 3202 de

273 3213 462 3294 delinitione
475 3227 618 3322 Logica,
632 3251 748 3298 vetum
763 3227 803 3302 de
816 3229 943 3328 Regalis
961 3231 1055 3320 Juris
1071 3229 1204 3304 civilis.
1216 3233 1307 3306 Nam
1320 3233 1363 3301 ita
1378 3227 1471 3318 Juris
1486 3229 1601 3302 Civilis
1615 3235 1658 3300 Re
1678 3231 1731 3296 ule
1747 3225 1864 3298 dicun-

274 3335 329 3388 tur
341 3323 364 3390 l.
383 3323 438 3397 28.
457 3333 502 3394 Ι).
515 3325 553 3394 de
564 3323 663 3426 pellis
677 3381 686 3410 ,
699 3332 722 3398 l.
739 3358 772 3416 4.
787 3331 832 3402 D.
846 3328 1055 3426 malefisa.
1070 3335 1094 3402 l.
1103 3335 1136 3425 fi
1145 3327 1227 3400 mihi
1245 3355 1300 3404 ιι.
1318 3333 1348 3408 l.
1362 3333 1471 3430 regulo
1491 3337 1585 3402 t.‘D.
1601 3329 1639 3397 de
1653 3333 1746 3426 legat.
1767 3351 1797 3396 ι.
1813 3327 1865 3398 si-

273 3415 394 3514 militer
408 3415 502 3513 supra
517 3447 654 3520 quoque
664 3430 687 3496 Ι.
693 3428 825 3518 fraudis
840 3448 899 3520 7'9.
919 3433 1130 3538 Papinianus:
1147 3441 1272 3528 Semper
1285 3429 1321 3500 in
1336 3438 1417 3520 Jure
1434 3425 1549 3511 civiti,
1563 3434 1629 3497 διε.
1644 3429 1695 3497 Sic
1709 3431 1744 3494 &
1756 3429 1796 3494 l.r
1807 3431 1864 3496 61.
1933 3515 1936 3524 1
1952 3450 1983 3528 -f

143 3521 148 3530 '
271 3513 306 3584 in
322 3523 403 3604 Jure
421 3519 521 3590 civili
536 3528 774 3616 receptumest:
800 3549 837 3598 ur
852 3535 887 3596 δε
903 3533 926 3600 I.
947 3557 1003 3619 ²4·
1023 3537 1067 3600 D.
1084 3529 1254 3603 decoetdit.
1269 3539 1308 3610 (ὗν
1321 3525 1483 3619 demonstr.
1501 3525 1738 3605 coustitutum,
1763 3528 1786 3594 Ι.
1808 3549 1865 3614 53·
1917 3530 1921 3539 '

271 3619 319 3684 D.
333 3616 356 3684 d
376 3615 603 3706 filiationibus,
628 3627 695 3694 &o
711 3621 831 3720 quibus
842 3625 949 3696 verbis
962 3631 1101 3700 omnino
1121 3627 1255 3726 Regulo
1268 3631 1348 3716 juris
1361 3625 1548 3698 indicantur
1565 3631 1602 3694 δι
1632 3617 1864 3713 subjiciuntur.
1904 3699 1906 3706 ,

271 3711 419 3807 Indeque
435 3724 470 3786 δι
483 3717 593 3790 civilis
607 3720 785 3812 constitutio
798 3747 861 3816 pro
875 3724 1023 3822 Regula,
1047 3730 1071 3798 L
1093 3750 1125 3800 ι.
1138 3727 1175 3796 de
1187 3724 1328 3828 privaris
1339 3724 1481 3807 actiuis,
1497 3721 1689 3797 constitutio
1705 3717 1862 3814 firnplici·

272 3831 345 3894 Μ.
371 3819 395 3883 l·
408 3820 467 3888 ule·
484 3819 515 3892 5.
537 3844 567 3907 3.
583 3827 629 3890 D.
641 3821 678 3888 de
692 3829 732 3890 V.
749 3827 790 3892 0.
804 3823 956 3896 Tandem
968 3825 1035 3898 hoc
1048 3825 1109 3908 eu,
1134 3823 1216 3894 illud
1229 3829 1310 3900 JUS
1336 3825 1490 3898 CIVILE
1517 3818 1692 3916 specialiter
1714 3817 1863 3900 distant,

271 3909 366 4006 quod
381 3909 446 3982 stne
461 3908 582 4008 scripto
596 3917 632 3986 in
649 3912 716 3988 sola
729 3919 932 3992 Prudentem
944 3925 1231 4016 interpretatione,
1257 3925 1449 4004 andbeitan}
1459 3919 1649 3992 confidebat
1661 3965 1669 3994 ,
1682 3919 1704 3985 I.
1723 3939 1753 3984 2.
1768 3921 1797 3994 ἱ.
1814 3915 1862 3990 hie

270 4009 359 4107 legib.
375 4015 405 4086 §-
419 4013 602 4104 novijjr'me,
629 4028 668 4097 ce
679 4021 711 4092 ὁ.
724 4018 860 4102 deiude,
885 4030 932 4092 D.
946 4022 984 4092 de
998 4022 1076 4134 orig.
1084 4025 1158 4111 jur.
1173 4023 1279 4112 Cujus
1291 4045 1365 4114 pars
1383 4021 1560 4112 precipua,
1587 4011 1723 4114 Regale
1744 4015 1859 4096 huis,
1974 4087 1977 4092 .
2040 3996 2045 4010 ι

271 4108 391 4201 qulbus
406 4117 465 4186 Ius
480 4113 586 4184 Civile
597 4112 678 4187 olim
694 4113 869 4188 liundorum
883 4123 919 4190 δι
931 4117 1222 4192 constitutum-urit
1235 4121 1435 4219 generatim.
1451 4112 1536 4191 Vide
1550 4115 1582 4184 d.
1598 4117 1621 4183 l.
1640 4141 1672 4184 2.
1688 4111 1718 4189 5.
1728 4111 1794 4215 P⁰ll
1807 4115 1859 4186 hes

270 4207 488 4312 Qmss'
505 4213 544 4280 λ’
558 4211 720 4310 ””ἶ·Ῑ”’·
735 4210 1294 4317 Emluesfflsupffifflffiero
1308 4223 1368 4298 Jus
1385 4208 1659 4314 cnueusurpat,
1685 4218 1754 4286 &a
1778 4209 1860 4310 1egl·‚
1982 4202 1994 4242 ¹,
2102 4181 2104 4188 ,

273 4299 575 4432 bo12p212,‚1,·,‚
592 4315 933 4412 nortamanni.
1011 4357 1015 4364 .
1109 4312 1113 4323 ·
1723 4405 1725 4408 Ι
1958 4316 1962 4324 .
