4632 5916
894 532 1188 614 Jucout
1231 531 1762 612 GOTHOFRED'I

767 727 1393 846 16νο1356661Ιηιιψιιαιὶοηιικ
1414 707 1768 850 Affiliionelcujusque
1782 787 1796 816 .
1849 705 1884 790 ἰ
1953 701 1962 720 .
2038 720 2041 729 ¹
2084 702 2092 713 .

981 935 1015 1010 ᾗ.
1044 927 1149 1020 Quod
1172 929 1328 1010 fadum,
1358 957 1389 1004 t.
1410 933 1456 1004 t.
1489 935 1569 1007 168.

547 1139 650 1246 Quod
654 1103 834 1235 faunm'esl
841 1157 945 1222 ‚eum
956 1131 993 1206 in
1001 1130 1130 1226 obscuri
1129 1131 1174 1227 fir
1181 1184 1196 1218 ‚
1215 1157 1262 1203 ex
1276 1129 1433 1252 effillione
1443 1131 1597 1230 cujusque
1611 1130 1698 1239 capit
1709 1111 2016 1239 interpretationem
2078 1196 2083 1215 .
2194 1163 2209 1192 s
2296 1181 2297 1196 κ

477 1345 599 1512 UT
616 1333 863 1435 superiorReg.
880 1335 925 1408 est
943 1334 985 1406 de
998 1275 1265 1428 Responsoinrt
1279 1357 1419 1430 qnoque
1430 1329 1597 1406 manifesta
1611 1361 1619 1406 ε
1632 1335 1754 1406 itahsec
1772 1338 1971 1414 nominatim
1983 1313 2110 1422 elidas

595 1443 643 1510 IN
657 1437 1042 1510 [ERPRETATIONE
1056 1427 1204 1504 obscuri:
1231 1430 1354 1528 dequo
1364 1429 1443 1504 sunt
1457 1437 1490 1504 in
1517 1430 1705 1506 universum
1724 1435 1795 1508 boc
1817 1435 1916 1506 titulo
1942 1431 2085 1520 sedecim

482 1537 637 1638 Reguloe.
665 1543 744 1608 l-lttc
755 1535 831 1620 est,
858 1535 898 1606 de
913 1537 1185 1628 interpretatione
1197 1525 1328 1604 obscuri
1343 1535 1475 1609 FACTl
1492 1587 1501 1604 .
1530 1537 1543 1622 l
1567 1537 1658 1604 Nam
1673 1536 1740 1604 ltaec
1755 1559 1820 1604 vox
1845 1535 1899 1604 hic
1916 1535 2081 1606 retinenda

478 1637 635 1733 estquod
651 1639 791 1735 genuina
806 1639 903 1705 etiam
917 1629 1034 1730 speeies
1048 1641 1116 1724 ejus
1128 1627 1381 1725 comprobabit,
1407 1657 1600 1704 nonautem
1630 1624 1847 1704 substituenda
1869 1659 1934 1702 vox
1950 1640 2053 1704 ac‘lum
2067 1689 2080 1722 ,

484 1737 578 1832 quod
594 1738 747 1824 Cujncius
763 1731 936 1826 censebat)
953 1732 1040 1805 Fasti
1055 1735 1192 1826 inquam
1208 1723 1338 1804 obscuri
1349 1731 1481 1826 alicujus
1496 1759 1652 1818 μονομερυς
1666 1731 1763 1802 unius
1773 1731 1875 1834 partis
1892 1785 1901 1804 .
1926 1732 1999 1804 ·Ubi
2014 1731 2081 1808 haec

483 1829 612 1904 obscuri
626 1832 705 1904 sadi
719 1831 974 1928 interpretandi,
993 1827 1058 1916 ‘seu
1070 1827 1276 1902 obscuritatis
1286 1831 1484 1924 explicanda
1500 1835 1584 1902 tatio
1599 1823 1652 1902 seu
1679 1831 1787 1928 regula
1816 1831 1971 1902 traditur:
1998 1833 2082 1910 faui
2180 1903 2182 1908 ,

481 1928 614 2004 obscuri
628 1937 929 2029 interpretationem
947 1935 1017 2026 capi
1036 1957 1072 2002 ex
1086 1924 1242 2026 cuiusque
1259 1929 1450 2024 Affillione:
1477 1929 1543 2002 five
1556 1954 1669 2028 agatur
1681 1930 1808 2001 deaut
1822 1925 2027 2014 sustinendo,
2038 1930 2081 2002 st-

481 2053 523 2102 ve
535 2031 577 2104 de
590 2057 689 2126 poena
704 2034 870 2112 evitanda,
897 2059 968 2127 quo
985 2029 1095 2101 referti
1106 2028 1203 2100 debet
1220 2029 1287 2100 huc
1305 2035 1388 2128 Reg.
1406 2057 1484 2102 mox
1498 2053 1534 2100 ut
1550 2028 1739 2101 ostendam.
2058 2081 2066 2118 .·

530 2136 638 2202 Porto
652 2131 836 2222 Affetlionis
847 2137 984 2203 nomine
998 2126 1081 2224 quid
1095 2131 1148 2200 hic
1160 2125 1357 2228 intelligatur
1376 2127 1555 2220 videndum
1568 2131 1631 2200 est.
1660 2129 1710 2200 Est
1734 2122 1852 2201 seilicet
1874 2137 1909 2200 &
1935 2129 2077 2203 dieitur:

480 2231 630 2300 Primum
644 2231 799 2324 Affcslt'o,
820 2228 1003 2326 propensro
1024 2227 1083 2298 illa
1109 2229 1281 2313 naturalis,
1308 2231 1431 2324 pietas,
1457 2233 1618 2313 ebaritas,
1645 2225 1868 2307 neeesfitudo,
1896 2228 2080 2300 humanitas

476 2349 553 2496 puo
570 2353 685 2399 natura
700 2355 815 2400 omnes
827 2330 984 2413 ferimur,
997 2353 1076 2426 erga
1090 2321 1273 2424 quosdam.
1301 2334 1406 2422 Cujus
1416 2325 1596 2402 affectionis
1611 2323 1751 2422 species,
1777 2351 1876 2422 atque
1890 2327 2003 2398 exinde
2015 2325 2078 2399 ob·

496 2429 566 2496 cuti
580 2432 856 2522 interpretationis
871 2426 1014 2520 euempla
1031 2427 1146 2520 (quod
1158 2454 1176 2494 a
1189 2423 1297 2498 Glolst
1312 2436 1346 2498 δι
1363 2423 1524 2523 plerisque
1540 2435 1760 2521 Interpretutrr
1771 2423 1826 2516 fit)
1842 2423 1988 2524 assignari
2000 2421 2080 2521 pos-
2098 2493 2103 2500 .

479 2519 602 2596 suntin
617 2551 734 2624 genere
747 2553 783 2598 ex
796 2533 818 2599 l.
831 2532 891 2598 ult.
910 2527 1033 2597 Cod.cle
1044 2525 1268 2626 dotispromiff.
1285 2531 1307 2602 l.
1315 2527 1506 2624 generaliter
1523 2537 1554 2599 6.
1577 2527 1652 2600 Cnd.
1675 2527 1714 2596 de
1730 2524 1830 2616 instit.
1861 2537 1899 2608 (6
1915 2525 2079 2616 substinl.

480 2651 555 2692 eum
573 2625 708 2694 alienam
729 2651 783 2696 ro.
798 2627 873 2698 Cod.
889 2628 926 2696 dc
940 2631 1035 2724 legat.
1053 2627 1074 2696 l.
1090 2634 1120 2695 6.
1138 2625 1454 2722 Coddefideicomm.
1469 2633 1491 2698 l.
1503 2627 1561 2699 to.
1578 2635 1623 2700 D.
1637 2627 1674 2696 tle
1687 2651 1765 2696 auro
1778 2629 1835 2723 leg.
1849 2630 1872 2696 l.
1892 2653 1923 2716 3.
1940 2626 2015 2698 Crd.
2041 2624 2080 2695 de

475 2722 568 2816 inoff.
580 2723 645 2816 rest.
671 2720 804 2820 aliisque
822 2723 996 2802 similibus,
1021 2729 1113 2814 cuius
1127 2719 1306 2798 affeelionis
1316 2729 1410 2798 varie
1424 2723 1542 2822 species
1554 2727 1637 2822 poni
1669 2719 1801 2817 poffunt
1816 2731 1849 2799 in
1873 2728 2082 2808 Parentum,

477 2827 705 2922 conjugum,
732 2823 946 2902 Liberorum,
973 2826 1191 2904 Amicorum,
1219 2825 1468 2912 lllumnotum,
1491 2833 1561 2898 &o
1584 2819 1784 2896 affectione.
1809 2829 1850 2896 Et
1878 2825 1910 2892 in
1923 2823 1990 2894 bac
2003 2827 2080 2917 qui·

478 2919 556 2992 dem
572 2920 764 2994 Adeo-“tionis
784 2920 885 3018 specie
898 2923 1053 2996 hedenus
1081 2917 1218 3018 speeiem
1232 2947 1366 3018 ponunt
1393 2933 1607 3020 Interpretes‚
1627 2921 1785 3020 exemplis
1803 2919 1952 2996 indicatis
1967 2948 2005 2994 ex
2019 2925 2083 3015 1.ss

471 3021 589 3108 firvus
606 3049 661 3112 50.
682 3026 711 3096 s.
728 3027 786 3094 ult.
804 3033 848 3095 D.
862 3023 899 3092 de
912 3028 971 3132 [ες.
991 3049 1021 3092 1.
1038 3027 1060 3094 l.
1074 3023 1158 3094 illud
1178 3031 1231 3094 16.
1246 3025 1282 3096 in
1299 3028 1352 3112 fin.
1363 3026 1401 3094 de
1411 3023 1661 3098 mariamniae.
1675 3029 1698 3095 l.
1721 3022 1756 3093 in
1775 3023 1950 3117 testnmnto
1971 3025 2027 3114 38.
2040 3022 2078 3092 de

464 3120 661 3214 fideicomm.
672 3121 726 3192 lib.
743 3121 870 3194 Verum
885 3125 950 3218 iple
964 3119 1075 3194 malim
1093 3119 1277 3216 Afferflionir
1287 3123 1506 3219 appellatione
1519 3125 1576 3196 lu'c
1587 3123 1736 3196 exaudire
1749 3121 1926 3218 fimplicem
1940 3119 2083 3202 nudam»

368 3269 371 3279 ›
477 3245 544 3312 que
556 3215 712 3318 cujusque
724 3225 959 3300 intentionem,
987 3247 1155 3308 mentem,
1181 3222 1408 3320 propofirum,
1431 3225 1669 3306 voluntatem,
1695 3213 1869 3304 effessum,
1892 3217 1992 3293 fiuern
2007 3214 2082 3304 sco,-

419 3373 422 3378 .
474 3315 559 3408 puin
573 3347 704 3406 prount.
731 3325 873 3394 Pertinet
887 3316 1003 3394 scilicet
1016 3319 1083 3394 hac
1097 3323 1226 3423 Regula
1236 3323 1277 3396 ad
1289 3323 1460 3396 Edistum:
1485 3333 1538 3398 De
1546 3351 1579 3394 eo
1592 3347 1650 3427 per
1658 3349 1751 3421 quem
1764 3320 1895 3396 FACT
1897 3325 1981 3398 OM
1985 3315 2077 3404 erit,

479 3443 541 3512 quo
557 3419 663 3487 minus
676 3421 747 3514 quis
761 3421 796 3494 in
801 3419 932 3512 judicio
933 3421 1022 3516 ysjlat
1033 3477 1046 3494 .
1475 3433 1485 3442 “
1569 3473 1574 3484 .

529 3519 578 3584 Eo
594 3513 711 3588 seilicet
725 3521 841 3591 fidiuo
857 3543 1028 3592 coercetur
1040 3528 1110 3616 ejus
1122 3521 1242 3600 dolus,
1260 3527 1318 3620 qui
1332 3522 1476 3618 aliquem
1493 3521 1615 3616 juditio
1630 3519 1690 3592 lrlli
1712 3517 1904 3616 impedivit:
1929 3521 2080 3593 tucn,

475 3619 577 3698 QUE
603 3621 796 3710 quominus
813 3617 936 3708 judicio
962 3617 1138 3718 sisteretur:
1166 3625 1464 3712 FACTUMQUE
1478 3623 1560 3696 adeo
1576 3621 1660 3694 istud
1680 3619 1833 3714 plestitur
1849 3647 1901 3693 eo
1927 3619 2044 3692 Ediuo
2061 3645 2077 3698 '0

476 3711 625 3798 Quando
640 3737 750 3788 aurem
764 3717 797 3789 id
808 3717 889 3790 dolo
901 3717 991 3790 malo
1006 3718 1128 3792 laetum
1142 3719 1389 3808 dicendumst,
1417 3745 1454 3794 ut
1469 3717 1548 3818 sape
1562 3721 1650 3792 haud
1663 3721 1744 3792 adeo
1756 3717 1935 3793 obscurum
1949 3719 2013 3800 est,
2034 3719 2080 3791 ita

476 3811 682 3911 quandoque
693 3815 758 3900 est,
781 3845 861 3890 eum
870 3817 904 3888 id
917 3823 953 3908 in
967 3815 1108 3892 obscuro
1120 3817 1181 3932 eslf
1192 3823 1298 3917 potest
1313 3821 1355 3894 stc
1371 3847 1408 3894 ut
1428 3821 1515 3893 haud
1526 3821 1609 3894 adeo
1627 3820 1750 3915 liqueat
1764 3817 1933 3892 sadumne
1944 3817 1979 3890 id
1995 3815 2079 3896 dolo

475 3909 565 3978 malo
578 3911 698 4002 literit,
725 3946 786 3991 nee
801 3945 859 3992 ne.
882 3918 990 4006 Quod
1005 3924 1134 4017 quoties
1149 3923 1279 4000 evenit,
1301 3925 1402 3994 toties
1414 3922 1466 3994 bis
1479 3919 1606 3993 duabus
1618 3919 1754 4016 Regulis
1769 3919 1864 3990 locus
1876 3919 1942 3990 est:
1968 3919 2084 3988 Nem-

475 4027 519 4100 pe
536 4034 544 4074 :
572 4013 682 4083 Primo
699 4041 736 4086 ur
749 4019 921 4114 benignius
938 4014 992 4092 res
1009 4017 1128 4092 onsum
1142 4026 1332 4117 capiamus,
1357 4019 1471 4104 idest,
1498 4043 1537 4091 ut
1550 4019 1632 4092 dolo
1647 4017 1736 4090 malo
1751 4018 1876 4102 sadum
1886 4019 2000 4114 potius
2014 4035 2078 4096 ne÷

474 4129 610 4204 gemus,
636 4135 709 4202 quae
724 4109 879 4183 sententia
895 4115 956 4184 suit
974 4045 1145 4212 liiperioris
1163 4121 1324 4220 Regulae..
1344 4121 1523 4203 Secundo,
1550 4141 1589 4190 ut
1604 4117 1810 4214 Affellionem
1821 4117 1936 4206 pratia
1963 4105 2079 4206 cuius⁴

474 4225 543 4299 que
555 4205 617 4278 hnc
632 4231 723 4302 parte
735 4205 937 4305 spetiemus,
965 4225 1059 4305 cujus
1075 4214 1192 4314 species
1205 4219 1274 4288 bec
1285 4241 1451 4314 ponatur.
1477 4221 1633 4292 Venienti
1648 4215 1689 4290 ad
1703 4224 1723 4297 J
1727 4215 1871 4290 odicium
1902 4213 1990 4284 triste
2015 4207 2078 4297 ali,

472 4304 559 4398 quid
573 4312 746 4394 nunciavi,
774 4314 1012 4410 propterquod
1028 4319 1054 4386 is
1070 4314 1189 4390 necelle
1208 4316 1320 4390 habuit
1334 4317 1375 4390 ad
1391 4318 1551 4409 judicium
1566 4345 1635 4390 non
1648 4314 1787 4390 veniret
1807 4321 1890 4389 Saue
1908 4333 2010 4408 prout
2025 4300 2079 4380 uf·

473 4399 575 4473 festio
588 4431 659 4478 mea
674 4407 736 4480 fuit
750 4419 784 4482 &
798 4416 938 4484 intentio
958 4465 966 4492 ‚
992 4419 1037 4486 ita
1051 4415 1166 4488 Edtuo
1184 4416 1241 4488 illo
1257 4417 1394 4490 tenebor
1415 4416 1466 4512 trel
1482 4443 1550 4488 non
1567 4415 1727 4502 tenebor,
1741 4413 1763 4486 st
1779 4415 1861 4488 dolo
1875 4413 1964 4488 malo
1980 4409 2015 4490 id
2030 4406 2081 4492 fe«,-

473 4505 507 4575 ci
526 4555 535 4585 ‚
560 4526 596 4574 ut
611 4503 726 4581 diserte
742 4507 852 4584 scribit
867 4513 1031 4608 Ulpianus
1048 4516 1103 4588 lib.
1118 4543 1152 4604 7.
1168 4517 1209 4588 ad
1223 4517 1375 4590 Edislum
1394 4521 1428 4588 in
1441 4523 1510 4610 ejus
1527 4517 1631 4590 Edisti
1648 4518 1918 4612 interpretatione
1927 4519 1993 4586 tr.
2006 4512 2037 4586 §-
2050 4535 2082 4582 2.

451 4606 541 4686 „eois
554 4605 606 4676 tit.
620 4605 707 4678 aliud
719 4635 799 4680 vero
820 4661 829 4688 ‚
847 4610 869 4682 st
888 4640 956 4684 non
968 4613 1075 4700 dolo,
1093 4611 1116 4682 st
1131 4641 1199 4684 non
1216 4617 1300 4686 mala
1316 4614 1487 4688 affestione
1500 4615 1619 4686 duetus
1632 4669 1643 4700 ‚
1659 4641 1775 4688 verum
1786 4615 1838 4686 vel
1854 4613 1896 4684 ab
1910 4613 1975 4684 alio
1989 4653 2000 4682 2
2014 4601 2085 4701 ipse

452 4701 518 4796 ita
531 4701 699 4798 persuasus
718 4758 727 4784 ‚
753 4707 805 4780 vel
819 4737 895 4780 cum
911 4738 1056 4786 extremo
1073 4709 1195 4784 morbo
1210 4713 1370 4784 laboraret
1384 4719 1477 4807 quis,
1502 4719 1548 4788 ita
1559 4709 1625 4810 ipse
1638 4711 1760 4786 credidi
1772 4767 1784 4797 ,
1795 4739 1882 4786 eum
1889 4735 1969 4784 mox
1982 4729 2085 4780 ,mox

472 4811 676 4900 moriturum
691 4834 699 4878 t
714 4811 753 4878 Et
765 4804 807 4878 fic
822 4807 910 4880 botta
924 4807 1095 4883 allestione
1108 4809 1227 4882 dusius
1239 4814 1362 4882 tristem
1376 4816 1538 4884 nuncium
1553 4809 1691 4884 accuso:
1708 4810 1849 4907 indeque
1864 4809 2079 4882 fuctum,

474 4913 514 4968 Ut
527 4901 552 4968 is
571 4913 623 4980 cui
638 4905 673 4980 id
688 4910 879 4980 nuntiatem
887 4961 900 4993 ,
923 4907 967 4980 ad
979 4909 1141 5004 judicium
1154 4937 1227 4984 non
1241 4917 1382 4984 veniret.
1410 4913 1505 4984 ldem
1519 4904 1700 4984 dicendum
1712 4965 1726 4997 ‚
1751 4909 1776 4982 st
1801 4909 1891 4983 bons
1905 4903 2083 5015 affeffiotte

532 5035 537 5044 ·
585 5023 589 5031 ’
1322 5042 1327 5052 -
2001 5024 2080 5099 quts

2283 4827 2292 5282 l
