<?xml version="1.0" encoding="UTF-8"?>
<!DOCTYPE html PUBLIC "-//W3C//DTD XHTML 1.0 Transitional//EN"
    "http://www.w3.org/TR/xhtml1/DTD/xhtml1-transitional.dtd">
<html xmlns="http://www.w3.org/1999/xhtml" xml:lang="en" lang="en">
 <head>
  <title>
</title>
<meta http-equiv="Content-Type" content="text/html;charset=utf-8" />
  <meta name='ocr-system' content='tesseract 3.04.00' />
  <meta name='ocr-capabilities' content='ocr_page ocr_carea ocr_par ocr_line ocrx_word'/>
</head>
<body>
  <div class='ocr_page' id='page_1' title='image "./jacobigothofred00godegoog_0097.png"; bbox 0 0 4724 5930; ppageno 0'>
   <div class='ocr_carea' id='block_1_1' title="bbox 1394 233 1777 394">
    <p class='ocr_par' dir='ltr' id='par_1_1' title="bbox 1394 233 1777 394">
     <span class='ocr_line' id='line_1_1' title="bbox 1698 233 1702 244; baseline 0 0"><span class='ocrx_word' id='word_1_1' title='bbox 1698 233 1702 244; x_wconf 84' lang='lat'><strong>.</strong></span> 
     </span>
     <span class='ocr_line' id='line_1_2' title="bbox 1394 263 1777 344; baseline 0.031 -32"><span class='ocrx_word' id='word_1_2' title='bbox 1394 281 1428 312; x_wconf 63' lang='grc' dir='ltr'><strong>ι’</strong></span> <span class='ocrx_word' id='word_1_3' title='bbox 1576 263 1777 344; x_wconf 46' lang='grc' dir='ltr'>,Ιηιγι</span> 
     </span>
     <span class='ocr_line' id='line_1_3' title="bbox 1544 355 1601 394; baseline 0 0"><span class='ocrx_word' id='word_1_4' title='bbox 1544 355 1601 394; x_wconf 76' lang='lat'><strong>0⁰·</strong></span> 
     </span>
    </p>
   </div>
   <div class='ocr_carea' id='block_1_2' title="bbox 610 565 1947 752">
    <p class='ocr_par' dir='ltr' id='par_1_2' title="bbox 610 565 1947 752">
     <span class='ocr_line' id='line_1_4' title="bbox 610 565 1947 752; baseline -0.004 -48"><span class='ocrx_word' id='word_1_5' title='bbox 610 625 996 708; x_wconf 76' lang='lat' dir='ltr'><strong>oasuorcus,x1.</strong></span> <span class='ocrx_word' id='word_1_6' title='bbox 1021 617 1155 701; x_wconf 82' lang='lat' dir='ltr'><strong>oott.</strong></span> <span class='ocrx_word' id='word_1_7' title='bbox 1181 618 1335 696; x_wconf 77' lang='lat' dir='ltr'><strong>eorcr.</strong></span> <span class='ocrx_word' id='word_1_8' title='bbox 1353 578 1508 730; x_wconf 56' lang='lat' dir='ltr'><strong>¹uacci</strong></span> <span class='ocrx_word' id='word_1_9' title='bbox 1523 565 1639 752; x_wconf 67' lang='lat' dir='ltr'><strong>nlius</strong></span> <span class='ocrx_word' id='word_1_10' title='bbox 1652 609 1726 734; x_wconf 79' lang='lat' dir='ltr'><strong>¹tn:</strong></span> <span class='ocrx_word' id='word_1_11' title='bbox 1811 662 1816 671; x_wconf 88' lang='lat'>·</span> <span class='ocrx_word' id='word_1_12' title='bbox 1903 649 1947 716; x_wconf 85' lang='lat'><strong>91</strong></span> 
     </span>
    </p>
   </div>
   <div class='ocr_carea' id='block_1_3' title="bbox 432 764 1691 1492">
    <p class='ocr_par' dir='ltr' id='par_1_3' title="bbox 630 764 1691 1330">
     <span class='ocr_line' id='line_1_5' title="bbox 746 764 1682 953; baseline -0.005 -55"><span class='ocrx_word' id='word_1_13' title='bbox 746 829 859 932; x_wconf 67' lang='lat' dir='ltr'><strong>cece</strong></span> <span class='ocrx_word' id='word_1_14' title='bbox 884 823 1035 898; x_wconf 75' lang='lat' dir='ltr'>AGERE</span> <span class='ocrx_word' id='word_1_15' title='bbox 1059 764 1360 952; x_wconf 52' lang='lat' dir='ltr'><strong>alieue&#39;neiiaiitelap</strong></span> <span class='ocrx_word' id='word_1_16' title='bbox 1381 815 1456 940; x_wconf 68' lang='lat' dir='ltr'><strong>pais</strong></span> <span class='ocrx_word' id='word_1_17' title='bbox 1466 821 1576 953; x_wconf 51' lang='grc' dir='ltr'><strong>μβ.</strong></span> <span class='ocrx_word' id='word_1_18' title='bbox 1629 795 1682 818; x_wconf 37' lang='grc' dir='ltr'><strong>’Ἶ</strong></span> 
     </span>
     <span class='ocr_line' id='line_1_6' title="bbox 630 1001 1691 1153; baseline -0.008 -50"><span class='ocrx_word' id='word_1_19' title='bbox 630 1029 794 1104; x_wconf 84' lang='lat' dir='ltr'><strong>oxxur.</strong></span> <span class='ocrx_word' id='word_1_20' title='bbox 820 1025 1060 1100; x_wconf 66' lang='lat' dir='ltr'><strong>usuarius</strong></span> <span class='ocrx_word' id='word_1_21' title='bbox 1083 1020 1162 1128; x_wconf 61' lang='lat' dir='ltr'><strong>aaa·</strong></span> <span class='ocrx_word' id='word_1_22' title='bbox 1186 1001 1422 1130; x_wconf 66' lang='lat' dir='ltr'><strong>quamam·</strong></span> <span class='ocrx_word' id='word_1_23' title='bbox 1445 1019 1498 1153; x_wconf 67' lang='lat' dir='ltr'><strong>aa</strong></span> <span class='ocrx_word' id='word_1_24' title='bbox 1514 1019 1691 1099; x_wconf 65' lang='lat' dir='ltr'><strong>auam:</strong></span> 
     </span>
     <span class='ocr_line' id='line_1_7' title="bbox 771 1157 1538 1330; baseline -0.009 -28"><span class='ocrx_word' id='word_1_25' title='bbox 771 1233 880 1302; x_wconf 80' lang='lat' dir='ltr'><strong>Nem</strong></span> <span class='ocrx_word' id='word_1_26' title='bbox 904 1223 1006 1299; x_wconf 79' lang='lat' dir='ltr'><strong>alicae</strong></span> <span class='ocrx_word' id='word_1_27' title='bbox 1031 1219 1157 1297; x_wconf 76' lang='lat' dir='ltr'><strong>nemine</strong></span> <span class='ocrx_word' id='word_1_28' title='bbox 1179 1203 1245 1330; x_wconf 62' lang='lat' dir='ltr'><strong>lege</strong></span> <span class='ocrx_word' id='word_1_29' title='bbox 1258 1185 1291 1272; x_wconf 35' lang='lat'><strong>⁶*</strong></span> <span class='ocrx_word' id='word_1_30' title='bbox 1315 1157 1406 1326; x_wconf 56' lang='lat' dir='ltr'><strong>apiae</strong></span> <span class='ocrx_word' id='word_1_31' title='bbox 1427 1222 1538 1325; x_wconf 74' lang='lat' dir='ltr'><strong>petest.</strong></span> 
     </span>
    </p>

    <p class='ocr_par' dir='ltr' id='par_1_4' title="bbox 324 1371 753 1502">
     <span class='ocr_line' id='line_1_8' title="bbox 432 1371 753 1492; baseline -0.014 -0.51"><span class='ocrx_word' id='word_1_32' title='bbox 432 1371 753 1492; x_wconf 67' lang='lat' dir='ltr'><strong>avariora..</strong></span> 
     </span>
    </p>
   </div>
   <div class='ocr_carea' id='block_1_4' title="bbox 349 1618 2101 2225">
    <p class='ocr_par' dir='ltr' id='par_1_5' title="bbox 349 1618 2101 2225">
     <span class='ocr_line' id='line_1_9' title="bbox 410 1618 2101 1728; baseline -0.001 -34"><span class='ocrx_word' id='word_1_33' title='bbox 410 1625 546 1702; x_wconf 84' lang='lat' dir='ltr'><strong>Ecunda</strong></span> <span class='ocrx_word' id='word_1_34' title='bbox 560 1623 691 1728; x_wconf 86' lang='lat' dir='ltr'><strong>Regula</strong></span> <span class='ocrx_word' id='word_1_35' title='bbox 705 1622 855 1700; x_wconf 74' lang='lat' dir='ltr'><strong>edictalis</strong></span> <span class='ocrx_word' id='word_1_36' title='bbox 870 1626 915 1698; x_wconf 89' lang='lat' dir='ltr'><strong>ad</strong></span> <span class='ocrx_word' id='word_1_37' title='bbox 917 1625 1053 1718; x_wconf 76' lang='lat' dir='ltr'><strong>judicia</strong></span> <span class='ocrx_word' id='word_1_38' title='bbox 1091 1623 1233 1698; x_wconf 86' lang='lat' dir='ltr'><strong>ertinens</strong></span> <span class='ocrx_word' id='word_1_39' title='bbox 1247 1623 1316 1698; x_wconf 79' lang='lat' dir='ltr'><strong>haec</strong></span> <span class='ocrx_word' id='word_1_40' title='bbox 1334 1621 1397 1700; x_wconf 87' lang='lat' dir='ltr'><strong>est:</strong></span> <span class='ocrx_word' id='word_1_41' title='bbox 1423 1643 1497 1718; x_wconf 84' lang='lat' dir='ltr'><strong>quae</strong></span> <span class='ocrx_word' id='word_1_42' title='bbox 1513 1642 1623 1694; x_wconf 89' lang='lat' dir='ltr'><strong>tamen</strong></span> <span class='ocrx_word' id='word_1_43' title='bbox 1643 1645 1664 1692; x_wconf 86' lang='lat' dir='ltr'><strong>a</strong></span> <span class='ocrx_word' id='word_1_44' title='bbox 1690 1618 1828 1698; x_wconf 79' lang='lat' dir='ltr'><strong>Balilicis</strong></span> <span class='ocrx_word' id='word_1_45' title='bbox 1842 1619 1952 1706; x_wconf 85' lang='lat' dir='ltr'><strong>abest,</strong></span> <span class='ocrx_word' id='word_1_46' title='bbox 2088 1662 2101 1691; x_wconf 62' lang='grc' dir='ltr'>ι</span> 
     </span>
     <span class='ocr_line' id='line_1_10' title="bbox 354 1639 1954 1818; baseline -0.001 -21"><span class='ocrx_word' id='word_1_47' title='bbox 354 1639 406 1804; x_wconf 76' lang='lat' dir='ltr'><strong>‚S</strong></span> <span class='ocrx_word' id='word_1_48' title='bbox 436 1751 592 1799; x_wconf 88' lang='lat' dir='ltr'><strong>unacum</strong></span> <span class='ocrx_word' id='word_1_49' title='bbox 608 1725 776 1799; x_wconf 84' lang='lat' dir='ltr'><strong>nonnullis</strong></span> <span class='ocrx_word' id='word_1_50' title='bbox 794 1725 884 1810; x_wconf 88' lang='lat' dir='ltr'><strong>aliis,</strong></span> <span class='ocrx_word' id='word_1_51' title='bbox 898 1726 990 1798; x_wconf 90' lang='lat' dir='ltr'><strong>velut</strong></span> <span class='ocrx_word' id='word_1_52' title='bbox 1004 1648 1162 1797; x_wconf 67' lang='lat' dir='ltr'><strong>obtiura:</strong></span> <span class='ocrx_word' id='word_1_53' title='bbox 1180 1721 1267 1795; x_wconf 89' lang='lat' dir='ltr'><strong>&amp;ab</strong></span> <span class='ocrx_word' id='word_1_54' title='bbox 1280 1718 1486 1798; x_wconf 79' lang='lat' dir='ltr'><strong>Accursranis</strong></span> <span class='ocrx_word' id='word_1_55' title='bbox 1498 1745 1670 1818; x_wconf 88' lang='lat' dir='ltr'><strong>perperam</strong></span> <span class='ocrx_word' id='word_1_56' title='bbox 1684 1721 1846 1794; x_wconf 66' lang='lat' dir='ltr'><strong>intellesta</strong></span> <span class='ocrx_word' id='word_1_57' title='bbox 1859 1776 1868 1796; x_wconf 86' lang='lat'><strong>.</strong></span> <span class='ocrx_word' id='word_1_58' title='bbox 1881 1728 1954 1796; x_wconf 81' lang='lat' dir='ltr'><strong>An·</strong></span> 
     </span>
     <span class='ocr_line' id='line_1_11' title="bbox 351 1819 1956 1918; baseline -0.004 -20"><span class='ocrx_word' id='word_1_59' title='bbox 351 1822 486 1914; x_wconf 79' lang='lat' dir='ltr'><strong>cipitcm</strong></span> <span class='ocrx_word' id='word_1_60' title='bbox 502 1822 725 1898; x_wconf 86' lang='lat' dir='ltr'><strong>&amp;obscuram</strong></span> <span class='ocrx_word' id='word_1_61' title='bbox 740 1828 802 1898; x_wconf 86' lang='lat' dir='ltr'><strong>tria</strong></span> <span class='ocrx_word' id='word_1_62' title='bbox 818 1823 1049 1912; x_wconf 86' lang='lat' dir='ltr'><strong>reddiderunt.</strong></span> <span class='ocrx_word' id='word_1_63' title='bbox 1106 1851 1136 1898; x_wconf 91' lang='lat'><strong>1.</strong></span> <span class='ocrx_word' id='word_1_64' title='bbox 1152 1822 1255 1912; x_wconf 90' lang='lat' dir='ltr'><strong>Quod</strong></span> <span class='ocrx_word' id='word_1_65' title='bbox 1271 1821 1378 1896; x_wconf 88' lang='lat' dir='ltr'><strong>adhuc</strong></span> <span class='ocrx_word' id='word_1_66' title='bbox 1416 1823 1568 1907; x_wconf 69' lang='lat' dir='ltr'><strong>uincitur,</strong></span> <span class='ocrx_word' id='word_1_67' title='bbox 1593 1819 1758 1917; x_wconf 88' lang='lat' dir='ltr'><strong>quidnam</strong></span> <span class='ocrx_word' id='word_1_68' title='bbox 1770 1819 1811 1892; x_wconf 86' lang='lat' dir='ltr'><strong>stt</strong></span> <span class='ocrx_word' id='word_1_69' title='bbox 1822 1824 1956 1918; x_wconf 82' lang='lat' dir='ltr'><strong>proprie</strong></span> 
     </span>
     <span class='ocr_line' id='line_1_12' title="bbox 352 1845 1956 2026; baseline -0.003 -30"><span class='ocrx_word' id='word_1_70' title='bbox 352 1917 414 1990; x_wconf 69' lang='lat' dir='ltr'><strong>luc</strong></span> <span class='ocrx_word' id='word_1_71' title='bbox 429 1929 476 1996; x_wconf 88' lang='lat' dir='ltr'><strong>R.</strong></span> <span class='ocrx_word' id='word_1_72' title='bbox 490 1931 553 2025; x_wconf 83' lang='lat' dir='ltr'><strong>lege</strong></span> <span class='ocrx_word' id='word_1_73' title='bbox 565 1953 672 2026; x_wconf 80' lang='lat' dir='ltr'><strong>agere:</strong></span> <span class='ocrx_word' id='word_1_74' title='bbox 698 1925 983 2022; x_wconf 87' lang='lat' dir='ltr'><strong>Quandoquidem</strong></span> <span class='ocrx_word' id='word_1_75' title='bbox 991 1931 1055 2025; x_wconf 83' lang='lat' dir='ltr'><strong>lege</strong></span> <span class='ocrx_word' id='word_1_76' title='bbox 1067 1923 1145 2024; x_wconf 75' lang='lat' dir='ltr'><strong>agi,</strong></span> <span class='ocrx_word' id='word_1_77' title='bbox 1172 1949 1243 1994; x_wconf 91' lang='lat' dir='ltr'><strong>non</strong></span> <span class='ocrx_word' id='word_1_78' title='bbox 1258 1947 1328 1994; x_wconf 91' lang='lat' dir='ltr'><strong>uno</strong></span> <span class='ocrx_word' id='word_1_79' title='bbox 1341 1845 1433 1993; x_wconf 77' lang='lat' dir='ltr'><strong>serilu</strong></span> <span class='ocrx_word' id='word_1_80' title='bbox 1448 1917 1587 1994; x_wconf 90' lang='lat' dir='ltr'><strong>dicitur.</strong></span> <span class='ocrx_word' id='word_1_81' title='bbox 1641 1949 1672 2000; x_wconf 83' lang='lat'><strong>2.</strong></span> <span class='ocrx_word' id='word_1_82' title='bbox 1688 1921 1782 2010; x_wconf 89' lang='lat' dir='ltr'><strong>Quid</strong></span> <span class='ocrx_word' id='word_1_83' title='bbox 1795 1917 1834 1992; x_wconf 89' lang='lat' dir='ltr'><strong>fit</strong></span> <span class='ocrx_word' id='word_1_84' title='bbox 1847 1971 1858 2002; x_wconf 89' lang='lat'>,</span> <span class='ocrx_word' id='word_1_85' title='bbox 1873 1922 1956 1992; x_wconf 77' lang='lat' dir='ltr'><strong>alie-</strong></span> 
     </span>
     <span class='ocr_line' id='line_1_13' title="bbox 352 2019 1957 2126; baseline -0.001 -34"><span class='ocrx_word' id='word_1_86' title='bbox 352 2045 393 2092; x_wconf 79' lang='lat' dir='ltr'><strong>no</strong></span> <span class='ocrx_word' id='word_1_87' title='bbox 406 2024 530 2096; x_wconf 83' lang='lat' dir='ltr'><strong>nomine</strong></span> <span class='ocrx_word' id='word_1_88' title='bbox 543 2029 609 2126; x_wconf 85' lang='lat' dir='ltr'><strong>lege</strong></span> <span class='ocrx_word' id='word_1_89' title='bbox 620 2053 732 2125; x_wconf 78' lang='lat' dir='ltr'><strong>agere.</strong></span> <span class='ocrx_word' id='word_1_90' title='bbox 789 2054 820 2118; x_wconf 78' lang='lat'><strong>3.</strong></span> <span class='ocrx_word' id='word_1_91' title='bbox 845 2033 1006 2111; x_wconf 87' lang='lat' dir='ltr'><strong>Quonam</strong></span> <span class='ocrx_word' id='word_1_92' title='bbox 1021 2019 1191 2118; x_wconf 81' lang='lat' dir='ltr'><strong>respexerit</strong></span> <span class='ocrx_word' id='word_1_93' title='bbox 1205 2025 1269 2099; x_wconf 90' lang='lat' dir='ltr'><strong>JC.</strong></span> <span class='ocrx_word' id='word_1_94' title='bbox 1284 2019 1414 2094; x_wconf 81' lang='lat' dir='ltr'>dixerit:</span> <span class='ocrx_word' id='word_1_95' title='bbox 1440 2020 1615 2094; x_wconf 82' lang='lat' dir='ltr'><em>Neminem</em></span> <span class='ocrx_word' id='word_1_96' title='bbox 1626 2021 1727 2124; x_wconf 57' lang='lat' dir='ltr'><strong>alieno</strong></span> <span class='ocrx_word' id='word_1_97' title='bbox 1743 2021 1868 2092; x_wconf 79' lang='lat' dir='ltr'><strong>nemine</strong></span> <span class='ocrx_word' id='word_1_98' title='bbox 1892 2025 1957 2122; x_wconf 81' lang='lat' dir='ltr'><strong>Iege</strong></span> 
     </span>
     <span class='ocr_line' id='line_1_14' title="bbox 349 2115 1959 2225; baseline -0.001 -31"><span class='ocrx_word' id='word_1_99' title='bbox 349 2140 443 2218; x_wconf 69' lang='lat' dir='ltr'><strong>agere</strong></span> <span class='ocrx_word' id='word_1_100' title='bbox 455 2123 554 2225; x_wconf 61' lang='lat' dir='ltr'><strong>posse,</strong></span> <span class='ocrx_word' id='word_1_101' title='bbox 576 2131 598 2197; x_wconf 91' lang='lat' dir='ltr'><strong>i.</strong></span> <span class='ocrx_word' id='word_1_102' title='bbox 612 2149 762 2220; x_wconf 87' lang='lat' dir='ltr'><strong>quonam</strong></span> <span class='ocrx_word' id='word_1_103' title='bbox 776 2127 918 2224; x_wconf 87' lang='lat' dir='ltr'><strong>genuina</strong></span> <span class='ocrx_word' id='word_1_104' title='bbox 933 2117 1054 2220; x_wconf 80' lang='lat' dir='ltr'><strong>species</strong></span> <span class='ocrx_word' id='word_1_105' title='bbox 1065 2123 1161 2214; x_wconf 84' lang='lat' dir='ltr'><strong>hujus</strong></span> <span class='ocrx_word' id='word_1_106' title='bbox 1177 2126 1261 2220; x_wconf 83' lang='lat' dir='ltr'><strong>Reg.</strong></span> <span class='ocrx_word' id='word_1_107' title='bbox 1273 2119 1438 2196; x_wconf 82' lang='lat' dir='ltr'><strong>referenda</strong></span> <span class='ocrx_word' id='word_1_108' title='bbox 1451 2117 1507 2191; x_wconf 83' lang='lat' dir='ltr'><strong>lit.</strong></span> <span class='ocrx_word' id='word_1_109' title='bbox 1519 2124 1609 2192; x_wconf 85' lang='lat' dir='ltr'><strong>Hinc</strong></span> <span class='ocrx_word' id='word_1_110' title='bbox 1621 2118 1702 2192; x_wconf 88' lang='lat' dir='ltr'><strong>adeo</strong></span> <span class='ocrx_word' id='word_1_111' title='bbox 1711 2115 1808 2192; x_wconf 78' lang='lat' dir='ltr'><strong>scillas</strong></span> <span class='ocrx_word' id='word_1_112' title='bbox 1824 2123 1858 2191; x_wconf 88' lang='lat' dir='ltr'><strong>in</strong></span> <span class='ocrx_word' id='word_1_113' title='bbox 1873 2147 1959 2197; x_wconf 85' lang='lat' dir='ltr'><strong>eon·</strong></span> 
     </span>
    </p>
   </div>
   <div class='ocr_carea' id='block_1_5' title="bbox 355 2213 2106 2318">
    <p class='ocr_par' dir='ltr' id='par_1_6' title="bbox 355 2213 2106 2318">
     <span class='ocr_line' id='line_1_15' title="bbox 355 2213 2106 2318; baseline 0.002 -32"><span class='ocrx_word' id='word_1_114' title='bbox 355 2225 451 2292; x_wconf 86' lang='lat' dir='ltr'><strong>traria</strong></span> <span class='ocrx_word' id='word_1_115' title='bbox 467 2221 597 2303; x_wconf 88' lang='lat' dir='ltr'><strong>studiis,</strong></span> <span class='ocrx_word' id='word_1_116' title='bbox 624 2227 659 2294; x_wconf 91' lang='lat' dir='ltr'><strong>in</strong></span> <span class='ocrx_word' id='word_1_117' title='bbox 674 2227 779 2294; x_wconf 89' lang='lat' dir='ltr'><strong>varias</strong></span> <span class='ocrx_word' id='word_1_118' title='bbox 793 2247 932 2318; x_wconf 89' lang='lat' dir='ltr'><strong>quoque</strong></span> <span class='ocrx_word' id='word_1_119' title='bbox 943 2229 1027 2295; x_wconf 86' lang='lat' dir='ltr'><strong>itunr</strong></span> <span class='ocrx_word' id='word_1_120' title='bbox 1041 2222 1084 2314; x_wconf 73' lang='lat' dir='ltr'><strong>ab</strong></span> <span class='ocrx_word' id='word_1_121' title='bbox 1097 2213 1336 2316; x_wconf 77' lang='lat' dir='ltr'><strong>Interpreribus¹</strong></span> <span class='ocrx_word' id='word_1_122' title='bbox 1348 2214 1538 2304; x_wconf 86' lang='lat' dir='ltr'><strong>sententias,</strong></span> <span class='ocrx_word' id='word_1_123' title='bbox 1556 2214 1734 2314; x_wconf 80' lang='lat' dir='ltr'><strong>prasertim</strong></span> <span class='ocrx_word' id='word_1_124' title='bbox 1748 2265 1759 2300; x_wconf 82' lang='lat'>‚</span> <span class='ocrx_word' id='word_1_125' title='bbox 1774 2223 1852 2314; x_wconf 91' lang='lat' dir='ltr'><strong>quia</strong></span> <span class='ocrx_word' id='word_1_126' title='bbox 1868 2218 1959 2290; x_wconf 84' lang='lat' dir='ltr'><strong>vide·</strong></span> <span class='ocrx_word' id='word_1_127' title='bbox 2102 2250 2106 2258; x_wconf 94' lang='lat'>·</span> 
     </span>
    </p>
   </div>
   <div class='ocr_carea' id='block_1_6' title="bbox 238 2313 2075 5080">
    <p class='ocr_par' dir='ltr' id='par_1_7' title="bbox 353 2313 1962 2718">
     <span class='ocr_line' id='line_1_16' title="bbox 354 2313 1961 2419; baseline 0 -29"><span class='ocrx_word' id='word_1_128' title='bbox 354 2338 429 2390; x_wconf 81' lang='lat' dir='ltr'><strong>tent</strong></span> <span class='ocrx_word' id='word_1_129' title='bbox 442 2321 703 2417; x_wconf 88' lang='lat' dir='ltr'><strong>quamplurimas</strong></span> <span class='ocrx_word' id='word_1_130' title='bbox 716 2317 870 2418; x_wconf 85' lang='lat' dir='ltr'><strong>personas</strong></span> <span class='ocrx_word' id='word_1_131' title='bbox 883 2319 989 2394; x_wconf 85' lang='lat' dir='ltr'><strong>alieno</strong></span> <span class='ocrx_word' id='word_1_132' title='bbox 1004 2322 1142 2394; x_wconf 90' lang='lat' dir='ltr'><strong>nomine</strong></span> <span class='ocrx_word' id='word_1_133' title='bbox 1156 2320 1242 2392; x_wconf 73' lang='lat' dir='ltr'><strong>reue</strong></span> <span class='ocrx_word' id='word_1_134' title='bbox 1256 2345 1351 2419; x_wconf 86' lang='lat' dir='ltr'><strong>agere</strong></span> <span class='ocrx_word' id='word_1_135' title='bbox 1363 2372 1374 2403; x_wconf 90' lang='lat'>,</span> <span class='ocrx_word' id='word_1_136' title='bbox 1400 2319 1480 2414; x_wconf 88' lang='lat' dir='ltr'><strong>puta</strong></span> <span class='ocrx_word' id='word_1_137' title='bbox 1493 2320 1752 2404; x_wconf 86' lang='lat' dir='ltr'><strong>Procuratotio,</strong></span> <span class='ocrx_word' id='word_1_138' title='bbox 1778 2316 1830 2388; x_wconf 85' lang='lat' dir='ltr'><strong>vel</strong></span> <span class='ocrx_word' id='word_1_139' title='bbox 1859 2313 1961 2390; x_wconf 88' lang='lat' dir='ltr'><strong>officii</strong></span> 
     </span>
     <span class='ocr_line' id='line_1_17' title="bbox 353 2417 1962 2518; baseline 0.002 -32"><span class='ocrx_word' id='word_1_140' title='bbox 353 2421 449 2508; x_wconf 84' lang='lat' dir='ltr'><strong>eujus</strong></span> <span class='ocrx_word' id='word_1_141' title='bbox 463 2419 593 2494; x_wconf 86' lang='lat' dir='ltr'><strong>alterius</strong></span> <span class='ocrx_word' id='word_1_142' title='bbox 609 2424 758 2505; x_wconf 87' lang='lat' dir='ltr'><strong>ratione,</strong></span> <span class='ocrx_word' id='word_1_143' title='bbox 784 2417 808 2494; x_wconf 82' lang='lat' dir='ltr'><strong>l.</strong></span> <span class='ocrx_word' id='word_1_144' title='bbox 820 2446 974 2506; x_wconf 76' lang='lat' dir='ltr'><strong>auterens,</strong></span> <span class='ocrx_word' id='word_1_145' title='bbox 1000 2429 1048 2494; x_wconf 90' lang='lat' dir='ltr'><strong>D.</strong></span> <span class='ocrx_word' id='word_1_146' title='bbox 1062 2421 1101 2491; x_wconf 87' lang='lat' dir='ltr'><strong>de</strong></span> <span class='ocrx_word' id='word_1_147' title='bbox 1113 2418 1162 2490; x_wconf 81' lang='lat' dir='ltr'><strong>his</strong></span> <span class='ocrx_word' id='word_1_148' title='bbox 1175 2418 1263 2518; x_wconf 81' lang='lat' dir='ltr'><strong>quib.</strong></span> <span class='ocrx_word' id='word_1_149' title='bbox 1277 2443 1314 2490; x_wconf 77' lang='lat' dir='ltr'><strong>ut</strong></span> <span class='ocrx_word' id='word_1_150' title='bbox 1333 2417 1458 2518; x_wconf 82' lang='lat' dir='ltr'><strong>indign.</strong></span> <span class='ocrx_word' id='word_1_151' title='bbox 1482 2421 1506 2490; x_wconf 84' lang='lat' dir='ltr'><strong>l.</strong></span> <span class='ocrx_word' id='word_1_152' title='bbox 1529 2422 1698 2518; x_wconf 57' lang='lat' dir='ltr'><strong>quaerum,</strong></span> <span class='ocrx_word' id='word_1_153' title='bbox 1728 2427 1775 2494; x_wconf 88' lang='lat' dir='ltr'><strong>D.</strong></span> <span class='ocrx_word' id='word_1_154' title='bbox 1797 2419 1835 2489; x_wconf 84' lang='lat' dir='ltr'><strong>de</strong></span> <span class='ocrx_word' id='word_1_155' title='bbox 1852 2417 1889 2489; x_wconf 81' lang='lat' dir='ltr'><strong>in</strong></span> <span class='ocrx_word' id='word_1_156' title='bbox 1899 2423 1962 2508; x_wconf 78' lang='lat' dir='ltr'><strong>jus</strong></span> 
     </span>
     <span class='ocr_line' id='line_1_18' title="bbox 353 2515 1962 2616; baseline 0.001 -28"><span class='ocrx_word' id='word_1_157' title='bbox 353 2539 426 2588; x_wconf 85' lang='lat' dir='ltr'><strong>voc.</strong></span> <span class='ocrx_word' id='word_1_158' title='bbox 443 2517 604 2592; x_wconf 83' lang='lat' dir='ltr'><strong>ueletiam</strong></span> <span class='ocrx_word' id='word_1_159' title='bbox 618 2523 746 2616; x_wconf 88' lang='lat' dir='ltr'><strong>pietatis</strong></span> <span class='ocrx_word' id='word_1_160' title='bbox 760 2543 920 2605; x_wconf 71' lang='lat' dir='ltr'><strong>nauum,</strong></span> <span class='ocrx_word' id='word_1_161' title='bbox 934 2525 956 2592; x_wconf 88' lang='lat' dir='ltr'><strong>I.</strong></span> <span class='ocrx_word' id='word_1_162' title='bbox 970 2549 1029 2613; x_wconf 88' lang='lat'><strong>40.</strong></span> <span class='ocrx_word' id='word_1_163' title='bbox 1044 2523 1072 2598; x_wconf 74' lang='lat' dir='ltr'><strong>i.</strong></span> <span class='ocrx_word' id='word_1_164' title='bbox 1087 2523 1147 2594; x_wconf 78' lang='lat' dir='ltr'><strong>ult.</strong></span> <span class='ocrx_word' id='word_1_165' title='bbox 1160 2523 1185 2594; x_wconf 83' lang='lat' dir='ltr'><strong>l.</strong></span> <span class='ocrx_word' id='word_1_166' title='bbox 1200 2543 1260 2610; x_wconf 87' lang='lat'><strong>41.</strong></span> <span class='ocrx_word' id='word_1_167' title='bbox 1277 2527 1324 2592; x_wconf 91' lang='lat' dir='ltr'><strong>D.</strong></span> <span class='ocrx_word' id='word_1_168' title='bbox 1336 2519 1376 2594; x_wconf 83' lang='lat' dir='ltr'><strong>de</strong></span> <span class='ocrx_word' id='word_1_169' title='bbox 1390 2527 1525 2594; x_wconf 79' lang='lat' dir='ltr'><strong>Procur.</strong></span> <span class='ocrx_word' id='word_1_170' title='bbox 1542 2515 1646 2610; x_wconf 87' lang='lat' dir='ltr'><strong>Quod</strong></span> <span class='ocrx_word' id='word_1_171' title='bbox 1659 2539 1769 2591; x_wconf 86' lang='lat' dir='ltr'><strong>tamen</strong></span> <span class='ocrx_word' id='word_1_172' title='bbox 1786 2542 1887 2592; x_wconf 85' lang='lat' dir='ltr'><strong>omne</strong></span> <span class='ocrx_word' id='word_1_173' title='bbox 1900 2516 1962 2590; x_wconf 87' lang='lat' dir='ltr'><strong>hac</strong></span> 
     </span>
     <span class='ocr_line' id='line_1_19' title="bbox 353 2615 1073 2718; baseline 0.006 -32"><span class='ocrx_word' id='word_1_174' title='bbox 353 2615 488 2716; x_wconf 61' lang='lat' dir='ltr'><strong>,Regula</strong></span> <span class='ocrx_word' id='word_1_175' title='bbox 502 2623 637 2718; x_wconf 87' lang='lat' dir='ltr'><strong>negari,</strong></span> <span class='ocrx_word' id='word_1_176' title='bbox 664 2620 767 2692; x_wconf 89' lang='lat' dir='ltr'><strong>videri</strong></span> <span class='ocrx_word' id='word_1_177' title='bbox 783 2618 902 2714; x_wconf 78' lang='lat' dir='ltr'><strong>pollit.</strong></span> <span class='ocrx_word' id='word_1_178' title='bbox 1072 2629 1073 2634; x_wconf 77' lang='grc'>’</span> 
     </span>
    </p>

    <p class='ocr_par' dir='ltr' id='par_1_8' title="bbox 277 2713 2075 3612">
     <span class='ocr_line' id='line_1_20' title="bbox 404 2713 1966 2821; baseline -0.002 -34"><span class='ocrx_word' id='word_1_179' title='bbox 404 2720 481 2788; x_wconf 89' lang='lat' dir='ltr'><strong>Pars</strong></span> <span class='ocrx_word' id='word_1_180' title='bbox 497 2713 543 2790; x_wconf 83' lang='lat' dir='ltr'><strong>sto</strong></span> <span class='ocrx_word' id='word_1_181' title='bbox 556 2723 759 2814; x_wconf 86' lang='lat' dir='ltr'><strong>opinantur,</strong></span> <span class='ocrx_word' id='word_1_182' title='bbox 785 2725 821 2792; x_wconf 90' lang='lat'>&amp;</span> <span class='ocrx_word' id='word_1_183' title='bbox 834 2722 870 2792; x_wconf 87' lang='lat' dir='ltr'><strong>in</strong></span> <span class='ocrx_word' id='word_1_184' title='bbox 883 2718 934 2792; x_wconf 89' lang='lat' dir='ltr'><strong>his</strong></span> <span class='ocrx_word' id='word_1_185' title='bbox 950 2719 1112 2816; x_wconf 67' lang='lat' dir='ltr'><strong>quidem,</strong></span> <span class='ocrx_word' id='word_1_186' title='bbox 1136 2722 1291 2815; x_wconf 80' lang='lat' dir='ltr'><strong>Cujacius</strong></span> <span class='ocrx_word' id='word_1_187' title='bbox 1308 2719 1350 2793; x_wconf 84' lang='lat' dir='ltr'><strong>ad</strong></span> <span class='ocrx_word' id='word_1_188' title='bbox 1366 2719 1533 2814; x_wconf 78' lang='lat' dir='ltr'><strong>Papiniani</strong></span> <span class='ocrx_word' id='word_1_189' title='bbox 1559 2719 1582 2790; x_wconf 85' lang='lat'><strong>1.</strong></span> <span class='ocrx_word' id='word_1_190' title='bbox 1606 2743 1665 2808; x_wconf 88' lang='lat'><strong>77.</strong></span> <span class='ocrx_word' id='word_1_191' title='bbox 1682 2716 1802 2821; x_wconf 75' lang='lat' dir='ltr'><strong>fitpra,</strong></span> <span class='ocrx_word' id='word_1_192' title='bbox 1848 2719 1966 2790; x_wconf 58' lang='lat' dir='ltr'><strong>Hoto-</strong></span> 
     </span>
     <span class='ocr_line' id='line_1_21' title="bbox 355 2807 1962 2914; baseline -0.002 -24"><span class='ocrx_word' id='word_1_193' title='bbox 355 2839 499 2890; x_wconf 82' lang='lat' dir='ltr'><strong>mannus</strong></span> <span class='ocrx_word' id='word_1_194' title='bbox 516 2865 526 2898; x_wconf 80' lang='lat'>,</span> <span class='ocrx_word' id='word_1_195' title='bbox 546 2844 577 2892; x_wconf 88' lang='lat'><strong>1.</strong></span> <span class='ocrx_word' id='word_1_196' title='bbox 594 2819 748 2894; x_wconf 76' lang='lat' dir='ltr'><strong>Amicaeb.</strong></span> <span class='ocrx_word' id='word_1_197' title='bbox 778 2845 832 2912; x_wconf 64' lang='grc' dir='ltr'><strong>ιο.</strong></span> <span class='ocrx_word' id='word_1_198' title='bbox 851 2826 885 2890; x_wconf 87' lang='lat'>&amp;</span> <span class='ocrx_word' id='word_1_199' title='bbox 903 2825 1047 2895; x_wconf 85' lang='lat' dir='ltr'><strong>loannes</strong></span> <span class='ocrx_word' id='word_1_200' title='bbox 1063 2824 1216 2902; x_wconf 85' lang='lat' dir='ltr'><strong>Ramus,</strong></span> <span class='ocrx_word' id='word_1_201' title='bbox 1243 2815 1456 2914; x_wconf 83' lang='lat' dir='ltr'><strong>antiquiffimi</strong></span> <span class='ocrx_word' id='word_1_202' title='bbox 1471 2819 1549 2909; x_wconf 76' lang='lat' dir='ltr'><strong>iuris</strong></span> <span class='ocrx_word' id='word_1_203' title='bbox 1568 2823 1604 2887; x_wconf 86' lang='lat'>&amp;</span> <span class='ocrx_word' id='word_1_204' title='bbox 1617 2819 1780 2910; x_wconf 86' lang='lat' dir='ltr'><strong>antiquati</strong></span> <span class='ocrx_word' id='word_1_205' title='bbox 1798 2869 1809 2899; x_wconf 89' lang='lat'>‚</span> <span class='ocrx_word' id='word_1_206' title='bbox 1825 2807 1879 2885; x_wconf 87' lang='lat' dir='ltr'><strong>seu</strong></span> <span class='ocrx_word' id='word_1_207' title='bbox 1904 2841 1962 2886; x_wconf 82' lang='lat' dir='ltr'><strong>ve·</strong></span> 
     </span>
     <span class='ocr_line' id='line_1_22' title="bbox 356 2911 1963 3016; baseline 0.001 -31"><span class='ocrx_word' id='word_1_208' title='bbox 356 2918 433 2987; x_wconf 85' lang='lat' dir='ltr'><strong>teris</strong></span> <span class='ocrx_word' id='word_1_209' title='bbox 447 2919 526 3006; x_wconf 88' lang='lat' dir='ltr'><strong>jutis</strong></span> <span class='ocrx_word' id='word_1_210' title='bbox 540 2921 748 3004; x_wconf 89' lang='lat' dir='ltr'><strong>Quiritium,</strong></span> <span class='ocrx_word' id='word_1_211' title='bbox 774 2915 859 2988; x_wconf 84' lang='lat' dir='ltr'><strong>hanc</strong></span> <span class='ocrx_word' id='word_1_212' title='bbox 875 2921 962 3016; x_wconf 82' lang='lat' dir='ltr'><strong>ch.</strong></span> <span class='ocrx_word' id='word_1_213' title='bbox 982 2915 1066 2997; x_wconf 75' lang='lat' dir='ltr'><strong>effe,</strong></span> <span class='ocrx_word' id='word_1_214' title='bbox 1117 2943 1162 2990; x_wconf 93' lang='lat' dir='ltr'><strong>uo</strong></span> <span class='ocrx_word' id='word_1_215' title='bbox 1178 2915 1375 3012; x_wconf 83' lang='lat' dir='ltr'><strong>pauciffirnis</strong></span> <span class='ocrx_word' id='word_1_216' title='bbox 1400 2914 1584 2988; x_wconf 84' lang='lat' dir='ltr'><strong>admodum</strong></span> <span class='ocrx_word' id='word_1_217' title='bbox 1613 2911 1762 3000; x_wconf 75' lang='lat' dir='ltr'><strong>casabus,</strong></span> <span class='ocrx_word' id='word_1_218' title='bbox 1790 2919 1963 3007; x_wconf 86' lang='lat' dir='ltr'><strong>(quatuor</strong></span> 
     </span>
     <span class='ocr_line' id='line_1_23' title="bbox 356 2943 1965 3113; baseline 0.001 -31"><span class='ocrx_word' id='word_1_219' title='bbox 356 3013 534 3096; x_wconf 86' lang='lat' dir='ltr'><strong>videlicet,</strong></span> <span class='ocrx_word' id='word_1_220' title='bbox 558 3039 622 3112; x_wconf 89' lang='lat' dir='ltr'><strong>pto</strong></span> <span class='ocrx_word' id='word_1_221' title='bbox 637 3017 787 3113; x_wconf 91' lang='lat' dir='ltr'><strong>populo,</strong></span> <span class='ocrx_word' id='word_1_222' title='bbox 813 3021 973 3110; x_wconf 81' lang='lat' dir='ltr'><strong>inquam,</strong></span> <span class='ocrx_word' id='word_1_223' title='bbox 1022 3041 1061 3086; x_wconf 91' lang='lat' dir='ltr'><strong>ro</strong></span> <span class='ocrx_word' id='word_1_224' title='bbox 1073 2943 1241 3095; x_wconf 61' lang='lat' dir='ltr'><strong>tiletum,</strong></span> <span class='ocrx_word' id='word_1_225' title='bbox 1265 3039 1329 3110; x_wconf 93' lang='lat' dir='ltr'><strong>pro</strong></span> <span class='ocrx_word' id='word_1_226' title='bbox 1342 3012 1467 3098; x_wconf 87' lang='lat' dir='ltr'><strong>tutela,</strong></span> <span class='ocrx_word' id='word_1_227' title='bbox 1481 3037 1545 3109; x_wconf 90' lang='lat' dir='ltr'><strong>pro</strong></span> <span class='ocrx_word' id='word_1_228' title='bbox 1558 3006 1688 3092; x_wconf 83' lang='lat' dir='ltr'><strong>absente</strong></span> <span class='ocrx_word' id='word_1_229' title='bbox 1700 3015 1736 3084; x_wconf 89' lang='lat' dir='ltr'><strong>in</strong></span> <span class='ocrx_word' id='word_1_230' title='bbox 1748 3015 1878 3086; x_wconf 71' lang='lat' dir='ltr'><strong>afflone</strong></span> <span class='ocrx_word' id='word_1_231' title='bbox 1894 3011 1965 3083; x_wconf 82' lang='lat' dir='ltr'><strong>fur-</strong></span> 
     </span>
     <span class='ocr_line' id='line_1_24' title="bbox 297 3041 1967 3214; baseline 0.002 -34"><span class='ocrx_word' id='word_1_232' title='bbox 297 3153 300 3160; x_wconf 91' lang='lat'>·</span> <span class='ocrx_word' id='word_1_233' title='bbox 358 3114 385 3180; x_wconf 87' lang='lat' dir='ltr'><strong>ti</strong></span> <span class='ocrx_word' id='word_1_234' title='bbox 409 3118 421 3201; x_wconf 94' lang='lat'>)</span> <span class='ocrx_word' id='word_1_235' title='bbox 449 3119 658 3205; x_wconf 86' lang='lat' dir='ltr'><strong>procuratori</strong></span> <span class='ocrx_word' id='word_1_236' title='bbox 676 3110 891 3193; x_wconf 82' lang='lat' dir='ltr'><strong>ellelicelsat,</strong></span> <span class='ocrx_word' id='word_1_237' title='bbox 917 3041 1019 3210; x_wconf 69' lang='lat' dir='ltr'><strong>quoiJ</strong></span> <span class='ocrx_word' id='word_1_238' title='bbox 1027 3110 1170 3204; x_wconf 76' lang='lat' dir='ltr'><strong>ostendit</strong></span> <span class='ocrx_word' id='word_1_239' title='bbox 1186 3109 1356 3214; x_wconf 79' lang='lat' dir='ltr'><strong>singularis</strong></span> <span class='ocrx_word' id='word_1_240' title='bbox 1368 3110 1463 3184; x_wconf 89' lang='lat' dir='ltr'><strong>locus</strong></span> <span class='ocrx_word' id='word_1_241' title='bbox 1476 3111 1551 3205; x_wconf 80' lang='lat' dir='ltr'><strong>lust.</strong></span> <span class='ocrx_word' id='word_1_242' title='bbox 1577 3113 1615 3187; x_wconf 71' lang='lat' dir='ltr'><strong>ale</strong></span> <span class='ocrx_word' id='word_1_243' title='bbox 1642 3109 1684 3185; x_wconf 84' lang='lat' dir='ltr'><strong>iis</strong></span> <span class='ocrx_word' id='word_1_244' title='bbox 1784 3139 1861 3211; x_wconf 73' lang='lat' dir='ltr'><strong>quos</strong></span> <span class='ocrx_word' id='word_1_245' title='bbox 1875 3138 1967 3212; x_wconf 75' lang='lat' dir='ltr'><strong>agere</strong></span> 
     </span>
     <span class='ocr_line' id='line_1_25' title="bbox 354 3207 1969 3312; baseline 0.002 -33"><span class='ocrx_word' id='word_1_246' title='bbox 354 3207 531 3310; x_wconf 74' lang='lat' dir='ltr'><strong>ptffumus.</strong></span> <span class='ocrx_word' id='word_1_247' title='bbox 557 3218 686 3284; x_wconf 83' lang='lat' dir='ltr'><strong>Verum</strong></span> <span class='ocrx_word' id='word_1_248' title='bbox 701 3259 712 3292; x_wconf 75' lang='grc'>,</span> <span class='ocrx_word' id='word_1_249' title='bbox 736 3235 774 3286; x_wconf 93' lang='lat' dir='ltr'><strong>ut</strong></span> <span class='ocrx_word' id='word_1_250' title='bbox 787 3209 966 3284; x_wconf 70' lang='lat' dir='ltr'><strong>mansuile</strong></span> <span class='ocrx_word' id='word_1_251' title='bbox 980 3209 1165 3287; x_wconf 88' lang='lat' dir='ltr'><strong>debuerunt</strong></span> <span class='ocrx_word' id='word_1_252' title='bbox 1179 3209 1247 3291; x_wconf 83' lang='lat' dir='ltr'><strong>illi.</strong></span> <span class='ocrx_word' id='word_1_253' title='bbox 1273 3212 1358 3285; x_wconf 85' lang='lat' dir='ltr'><strong>hanc</strong></span> <span class='ocrx_word' id='word_1_254' title='bbox 1377 3216 1463 3312; x_wconf 82' lang='lat' dir='ltr'><strong>Reg.</strong></span> <span class='ocrx_word' id='word_1_255' title='bbox 1478 3209 1608 3310; x_wconf 73' lang='lat' dir='ltr'><strong>antiqui</strong></span> <span class='ocrx_word' id='word_1_256' title='bbox 1622 3213 1700 3306; x_wconf 80' lang='lat' dir='ltr'><strong>equi</strong></span> <span class='ocrx_word' id='word_1_257' title='bbox 1761 3295 1763 3300; x_wconf 21' lang='lat'><strong><em>¹</em></strong></span> <span class='ocrx_word' id='word_1_258' title='bbox 1791 3213 1871 3309; x_wconf 73' lang='lat' dir='ltr'><strong>juris</strong></span> <span class='ocrx_word' id='word_1_259' title='bbox 1885 3208 1969 3294; x_wconf 80' lang='lat' dir='ltr'><strong>effe,</strong></span> 
     </span>
     <span class='ocr_line' id='line_1_26' title="bbox 277 3303 1967 3415; baseline 0.003 -36"><span class='ocrx_word' id='word_1_260' title='bbox 277 3353 282 3360; x_wconf 93' lang='lat'><em>-</em></span> <span class='ocrx_word' id='word_1_261' title='bbox 330 3339 333 3352; x_wconf 90' lang='lat'><strong>·</strong></span> <span class='ocrx_word' id='word_1_262' title='bbox 359 3303 415 3380; x_wconf 84' lang='lat' dir='ltr'><strong>sed</strong></span> <span class='ocrx_word' id='word_1_263' title='bbox 431 3334 501 3381; x_wconf 93' lang='lat' dir='ltr'><strong>non</strong></span> <span class='ocrx_word' id='word_1_264' title='bbox 514 3313 678 3406; x_wconf 86' lang='lat' dir='ltr'><strong>antiquati</strong></span> <span class='ocrx_word' id='word_1_265' title='bbox 690 3306 745 3384; x_wconf 87' lang='lat' dir='ltr'><strong>seu</strong></span> <span class='ocrx_word' id='word_1_266' title='bbox 773 3305 936 3396; x_wconf 88' lang='lat' dir='ltr'><strong>obsoleti,</strong></span> <span class='ocrx_word' id='word_1_267' title='bbox 962 3333 1079 3406; x_wconf 87' lang='lat' dir='ltr'><strong>utpote</strong></span> <span class='ocrx_word' id='word_1_268' title='bbox 1102 3335 1183 3386; x_wconf 85' lang='lat' dir='ltr'><strong>cum</strong></span> <span class='ocrx_word' id='word_1_269' title='bbox 1203 3335 1241 3383; x_wconf 77' lang='lat' dir='ltr'><strong>ea</strong></span> <span class='ocrx_word' id='word_1_270' title='bbox 1255 3310 1297 3383; x_wconf 89' lang='lat' dir='ltr'><strong>ab</strong></span> <span class='ocrx_word' id='word_1_271' title='bbox 1327 3311 1469 3415; x_wconf 77' lang='lat' dir='ltr'><strong>Ulpiano</strong></span> <span class='ocrx_word' id='word_1_272' title='bbox 1485 3311 1637 3408; x_wconf 86' lang='lat' dir='ltr'><strong>prolata,</strong></span> <span class='ocrx_word' id='word_1_273' title='bbox 1663 3317 1698 3382; x_wconf 72' lang='grc' dir='ltr'><strong>ὅ(</strong></span> <span class='ocrx_word' id='word_1_274' title='bbox 1723 3307 1967 3384; x_wconf 65' lang='grc' dir='ltr'>ιιΤιίΗοιιίαηο</span> 
     </span>
     <span class='ocr_line' id='line_1_27' title="bbox 358 3406 1966 3508; baseline 0.003 -31"><span class='ocrx_word' id='word_1_275' title='bbox 358 3406 449 3478; x_wconf 88' lang='lat' dir='ltr'><strong>hunc</strong></span> <span class='ocrx_word' id='word_1_276' title='bbox 464 3411 499 3480; x_wconf 92' lang='lat' dir='ltr'><strong>in</strong></span> <span class='ocrx_word' id='word_1_277' title='bbox 515 3409 649 3482; x_wconf 88' lang='lat' dir='ltr'><strong>titulum</strong></span> <span class='ocrx_word' id='word_1_278' title='bbox 663 3409 762 3483; x_wconf 89' lang='lat' dir='ltr'><strong>relata</strong></span> <span class='ocrx_word' id='word_1_279' title='bbox 774 3407 982 3507; x_wconf 84' lang='lat' dir='ltr'><strong>probataque</strong></span> <span class='ocrx_word' id='word_1_280' title='bbox 997 3409 1060 3496; x_wconf 87' lang='lat' dir='ltr'><strong>stt,</strong></span> <span class='ocrx_word' id='word_1_281' title='bbox 1083 3415 1130 3484; x_wconf 86' lang='lat' dir='ltr'><strong>ita</strong></span> <span class='ocrx_word' id='word_1_282' title='bbox 1143 3433 1223 3484; x_wconf 86' lang='lat' dir='ltr'><strong>mox</strong></span> <span class='ocrx_word' id='word_1_283' title='bbox 1237 3409 1431 3498; x_wconf 82' lang='lat' dir='ltr'><strong>ostotdam,</strong></span> <span class='ocrx_word' id='word_1_284' title='bbox 1458 3432 1690 3508; x_wconf 77' lang='lat' dir='ltr'><strong>procuratores</strong></span> <span class='ocrx_word' id='word_1_285' title='bbox 1703 3409 1813 3486; x_wconf 84' lang='lat' dir='ltr'><strong>rlieno</strong></span> <span class='ocrx_word' id='word_1_286' title='bbox 1828 3409 1966 3508; x_wconf 76' lang='lat' dir='ltr'><strong>quidena</strong></span> 
     </span>
     <span class='ocr_line' id='line_1_28' title="bbox 361 3503 2075 3612; baseline 0.005 -33"><span class='ocrx_word' id='word_1_287' title='bbox 361 3510 500 3580; x_wconf 86' lang='lat' dir='ltr'><strong>nornine</strong></span> <span class='ocrx_word' id='word_1_288' title='bbox 513 3517 634 3608; x_wconf 79' lang='lat' dir='ltr'><strong>agere,</strong></span> <span class='ocrx_word' id='word_1_289' title='bbox 659 3503 714 3582; x_wconf 84' lang='lat' dir='ltr'><strong>sed</strong></span> <span class='ocrx_word' id='word_1_290' title='bbox 729 3535 800 3581; x_wconf 91' lang='lat' dir='ltr'><strong>non</strong></span> <span class='ocrx_word' id='word_1_291' title='bbox 813 3512 924 3586; x_wconf 85' lang='lat' dir='ltr'>LEGE</span> <span class='ocrx_word' id='word_1_292' title='bbox 935 3537 1049 3612; x_wconf 81' lang='lat' dir='ltr'><strong>agere.</strong></span> <span class='ocrx_word' id='word_1_293' title='bbox 1951 3545 1961 3562; x_wconf 83' lang='grc'><em>·</em></span> <span class='ocrx_word' id='word_1_294' title='bbox 2066 3517 2075 3531; x_wconf 90' lang='grc'><strong>’</strong></span> 
     </span>
    </p>

    <p class='ocr_par' dir='ltr' id='par_1_9' title="bbox 238 3605 1971 4571">
     <span class='ocr_line' id='line_1_29' title="bbox 411 3605 1968 3710; baseline 0.002 -33"><span class='ocrx_word' id='word_1_295' title='bbox 411 3609 513 3688; x_wconf 87' lang='lat' dir='ltr'><strong>Pars,</strong></span> <span class='ocrx_word' id='word_1_296' title='bbox 540 3613 576 3678; x_wconf 77' lang='grc' dir='ltr'><strong>δι</strong></span> <span class='ocrx_word' id='word_1_297' title='bbox 589 3609 625 3679; x_wconf 92' lang='lat' dir='ltr'><strong>in</strong></span> <span class='ocrx_word' id='word_1_298' title='bbox 638 3607 687 3680; x_wconf 90' lang='lat' dir='ltr'><strong>his</strong></span> <span class='ocrx_word' id='word_1_299' title='bbox 701 3608 858 3708; x_wconf 85' lang='lat' dir='ltr'><strong>Bulgarus</strong></span> <span class='ocrx_word' id='word_1_300' title='bbox 874 3609 1118 3690; x_wconf 85' lang='lat' dir='ltr'><strong>‚·Placentinus</strong></span> <span class='ocrx_word' id='word_1_301' title='bbox 1136 3661 1148 3694; x_wconf 87' lang='lat'><strong>,</strong></span> <span class='ocrx_word' id='word_1_302' title='bbox 1174 3613 1295 3684; x_wconf 80' lang='lat' dir='ltr'><strong>Decius</strong></span> <span class='ocrx_word' id='word_1_303' title='bbox 1313 3657 1323 3692; x_wconf 80' lang='lat'>,</span> <span class='ocrx_word' id='word_1_304' title='bbox 1348 3613 1392 3682; x_wconf 89' lang='lat' dir='ltr'><strong>ita</strong></span> <span class='ocrx_word' id='word_1_305' title='bbox 1405 3610 1490 3682; x_wconf 90' lang='lat' dir='ltr'><strong>hanc</strong></span> <span class='ocrx_word' id='word_1_306' title='bbox 1505 3615 1593 3710; x_wconf 84' lang='lat' dir='ltr'><strong>ch.</strong></span> <span class='ocrx_word' id='word_1_307' title='bbox 1620 3607 1850 3704; x_wconf 83' lang='lat' dir='ltr'><strong>accipiebant,</strong></span> <span class='ocrx_word' id='word_1_308' title='bbox 1876 3605 1968 3704; x_wconf 81' lang='lat' dir='ltr'><strong>quasa</strong></span> 
     </span>
     <span class='ocr_line' id='line_1_30' title="bbox 360 3703 1971 3812; baseline 0.002 -36"><span class='ocrx_word' id='word_1_309' title='bbox 360 3729 476 3776; x_wconf 87' lang='lat' dir='ltr'><strong>vetum</strong></span> <span class='ocrx_word' id='word_1_310' title='bbox 491 3705 554 3791; x_wconf 83' lang='lat' dir='ltr'><strong>fit,</strong></span> <span class='ocrx_word' id='word_1_311' title='bbox 581 3711 748 3778; x_wconf 87' lang='lat' dir='ltr'><strong>neminem</strong></span> <span class='ocrx_word' id='word_1_312' title='bbox 763 3705 952 3807; x_wconf 83' lang='lat' dir='ltr'><strong>regulariter</strong></span> <span class='ocrx_word' id='word_1_313' title='bbox 965 3707 1071 3780; x_wconf 88' lang='lat' dir='ltr'><strong>alieno</strong></span> <span class='ocrx_word' id='word_1_314' title='bbox 1086 3713 1223 3780; x_wconf 84' lang='lat' dir='ltr'><strong>nomine</strong></span> <span class='ocrx_word' id='word_1_315' title='bbox 1237 3709 1308 3812; x_wconf 79' lang='lat' dir='ltr'><strong>lege</strong></span> <span class='ocrx_word' id='word_1_316' title='bbox 1323 3733 1418 3808; x_wconf 86' lang='lat' dir='ltr'><strong>agere</strong></span> <span class='ocrx_word' id='word_1_317' title='bbox 1432 3703 1545 3806; x_wconf 83' lang='lat' dir='ltr'><strong>polle,</strong></span> <span class='ocrx_word' id='word_1_318' title='bbox 1568 3703 1626 3780; x_wconf 86' lang='lat' dir='ltr'><strong>sua</strong></span> <span class='ocrx_word' id='word_1_319' title='bbox 1637 3711 1835 3782; x_wconf 68' lang='lat' dir='ltr'><strong>austoritate</strong></span> <span class='ocrx_word' id='word_1_320' title='bbox 1850 3703 1971 3780; x_wconf 89' lang='lat' dir='ltr'><strong>scilicet</strong></span> 
     </span>
     <span class='ocr_line' id='line_1_31' title="bbox 360 3797 1968 3904; baseline 0.002 -28"><span class='ocrx_word' id='word_1_321' title='bbox 360 3797 479 3900; x_wconf 88' lang='lat' dir='ltr'><strong>sponte</strong></span> <span class='ocrx_word' id='word_1_322' title='bbox 492 3801 570 3886; x_wconf 83' lang='lat' dir='ltr'><strong>sua,</strong></span> <span class='ocrx_word' id='word_1_323' title='bbox 597 3801 652 3878; x_wconf 84' lang='lat' dir='ltr'><strong>seu</strong></span> <span class='ocrx_word' id='word_1_324' title='bbox 663 3805 752 3880; x_wconf 89' lang='lat' dir='ltr'><strong>ultro</strong></span> <span class='ocrx_word' id='word_1_325' title='bbox 768 3855 780 3887; x_wconf 88' lang='lat'><em>,</em></span> <span class='ocrx_word' id='word_1_326' title='bbox 805 3805 890 3880; x_wconf 74' lang='lat' dir='ltr'><strong>citra</strong></span> <span class='ocrx_word' id='word_1_327' title='bbox 902 3809 1091 3881; x_wconf 71' lang='lat' dir='ltr'><strong>mandatnm</strong></span> <span class='ocrx_word' id='word_1_328' title='bbox 1103 3805 1278 3892; x_wconf 84' lang='lat' dir='ltr'><strong>videlicet,</strong></span> <span class='ocrx_word' id='word_1_329' title='bbox 1305 3833 1384 3878; x_wconf 86' lang='lat' dir='ltr'><strong>narn</strong></span> <span class='ocrx_word' id='word_1_330' title='bbox 1399 3809 1433 3880; x_wconf 86' lang='lat' dir='ltr'><strong>id</strong></span> <span class='ocrx_word' id='word_1_331' title='bbox 1447 3808 1501 3884; x_wconf 85' lang='lat' dir='ltr'><strong>hic</strong></span> <span class='ocrx_word' id='word_1_332' title='bbox 1515 3803 1733 3904; x_wconf 85' lang='lat' dir='ltr'><strong>supplendum</strong></span> <span class='ocrx_word' id='word_1_333' title='bbox 1749 3829 1885 3904; x_wconf 80' lang='lat' dir='ltr'><strong>putant,</strong></span> <span class='ocrx_word' id='word_1_334' title='bbox 1914 3806 1968 3880; x_wconf 87' lang='lat' dir='ltr'><strong>vel</strong></span> 
     </span>
     <span class='ocr_line' id='line_1_32' title="bbox 362 3899 1968 4012; baseline 0.001 -36"><span class='ocrx_word' id='word_1_335' title='bbox 362 3907 444 3976; x_wconf 86' lang='lat' dir='ltr'><strong>citra</strong></span> <span class='ocrx_word' id='word_1_336' title='bbox 457 3899 607 3996; x_wconf 81' lang='lat' dir='ltr'><strong>officium</strong></span> <span class='ocrx_word' id='word_1_337' title='bbox 620 3905 792 4000; x_wconf 87' lang='lat' dir='ltr'><strong>publicum</strong></span> <span class='ocrx_word' id='word_1_338' title='bbox 808 3951 818 3986; x_wconf 79' lang='lat'>‚</span> <span class='ocrx_word' id='word_1_339' title='bbox 831 3927 870 3976; x_wconf 90' lang='lat' dir='ltr'><strong>ut</strong></span> <span class='ocrx_word' id='word_1_340' title='bbox 882 3909 916 3977; x_wconf 92' lang='lat' dir='ltr'><strong>in</strong></span> <span class='ocrx_word' id='word_1_341' title='bbox 931 3927 1041 3978; x_wconf 88' lang='lat' dir='ltr'><strong>tutore</strong></span> <span class='ocrx_word' id='word_1_342' title='bbox 1056 3909 1189 3977; x_wconf 89' lang='lat' dir='ltr'><strong>evenit:</strong></span> <span class='ocrx_word' id='word_1_343' title='bbox 1214 3905 1265 3978; x_wconf 85' lang='lat' dir='ltr'><strong>vel</strong></span> <span class='ocrx_word' id='word_1_344' title='bbox 1282 3911 1469 4000; x_wconf 79' lang='lat' dir='ltr'><strong>privatum.</strong></span> <span class='ocrx_word' id='word_1_345' title='bbox 1493 3929 1530 3977; x_wconf 89' lang='lat' dir='ltr'><strong>ut</strong></span> <span class='ocrx_word' id='word_1_346' title='bbox 1544 3911 1579 3977; x_wconf 91' lang='lat' dir='ltr'><strong>in</strong></span> <span class='ocrx_word' id='word_1_347' title='bbox 1590 3929 1826 4004; x_wconf 81' lang='lat' dir='ltr'><strong>procuratore:</strong></span> <span class='ocrx_word' id='word_1_348' title='bbox 1840 3911 1968 4012; x_wconf 68' lang='lat' dir='ltr'><strong>lfipu-</strong></span> 
     </span>
     <span class='ocr_line' id='line_1_33' title="bbox 238 4001 1968 4110; baseline 0.003 -38"><span class='ocrx_word' id='word_1_349' title='bbox 238 4045 241 4050; x_wconf 93' lang='lat'>·</span> <span class='ocrx_word' id='word_1_350' title='bbox 357 4001 456 4104; x_wconf 79' lang='lat' dir='ltr'><strong>pallus</strong></span> <span class='ocrx_word' id='word_1_351' title='bbox 469 4001 580 4098; x_wconf 82' lang='lat' dir='ltr'><strong>infin.</strong></span> <span class='ocrx_word' id='word_1_352' title='bbox 595 4013 642 4076; x_wconf 94' lang='lat' dir='ltr'><strong>D.</strong></span> <span class='ocrx_word' id='word_1_353' title='bbox 658 4007 697 4076; x_wconf 77' lang='lat' dir='ltr'><strong>de</strong></span> <span class='ocrx_word' id='word_1_354' title='bbox 709 4029 809 4104; x_wconf 84' lang='lat' dir='ltr'><strong>negot.</strong></span> <span class='ocrx_word' id='word_1_355' title='bbox 818 4005 931 4105; x_wconf 52' lang='lat' dir='ltr'><strong>gestui</strong></span> <span class='ocrx_word' id='word_1_356' title='bbox 951 4031 983 4078; x_wconf 90' lang='lat' dir='ltr'><strong>r.</strong></span> <span class='ocrx_word' id='word_1_357' title='bbox 1000 4015 1035 4078; x_wconf 87' lang='lat' dir='ltr'><strong>C.</strong></span> <span class='ocrx_word' id='word_1_358' title='bbox 1050 4005 1260 4108; x_wconf 66' lang='lat' dir='ltr'><strong>deprecarer.</strong></span> <span class='ocrx_word' id='word_1_359' title='bbox 1272 4011 1334 4097; x_wconf 87' lang='lat' dir='ltr'><strong>l.5.</strong></span> <span class='ocrx_word' id='word_1_360' title='bbox 1349 4011 1433 4102; x_wconf 84' lang='lat' dir='ltr'><strong>D.fi</strong></span> <span class='ocrx_word' id='word_1_361' title='bbox 1442 4006 1559 4100; x_wconf 73' lang='lat' dir='ltr'><strong>usatsfi.</strong></span> <span class='ocrx_word' id='word_1_362' title='bbox 1569 4009 1667 4110; x_wconf 67' lang='lat' dir='ltr'><strong>peel.</strong></span> <span class='ocrx_word' id='word_1_363' title='bbox 1679 4011 1773 4110; x_wconf 78' lang='lat' dir='ltr'><strong>plane</strong></span> <span class='ocrx_word' id='word_1_364' title='bbox 1781 4061 1794 4092; x_wconf 90' lang='lat'><strong><em>,</em></strong></span> <span class='ocrx_word' id='word_1_365' title='bbox 1828 4011 1968 4101; x_wconf 57' lang='lat' dir='ltr'><strong>coafit-</strong></span> 
     </span>
     <span class='ocr_line' id='line_1_34' title="bbox 363 4096 1966 4203; baseline 0.003 -31"><span class='ocrx_word' id='word_1_366' title='bbox 363 4100 433 4174; x_wconf 81' lang='lat' dir='ltr'><strong>mil.</strong></span> <span class='ocrx_word' id='word_1_367' title='bbox 449 4103 558 4194; x_wconf 80' lang='lat' dir='ltr'><strong>ercisc.</strong></span> <span class='ocrx_word' id='word_1_368' title='bbox 575 4103 616 4175; x_wconf 89' lang='lat' dir='ltr'><strong>de</strong></span> <span class='ocrx_word' id='word_1_369' title='bbox 629 4096 690 4175; x_wconf 90' lang='lat' dir='ltr'><strong>suo</strong></span> <span class='ocrx_word' id='word_1_370' title='bbox 706 4109 832 4200; x_wconf 89' lang='lat' dir='ltr'><strong>quippe</strong></span> <span class='ocrx_word' id='word_1_371' title='bbox 847 4103 971 4177; x_wconf 91' lang='lat' dir='ltr'><strong>nonde</strong></span> <span class='ocrx_word' id='word_1_372' title='bbox 985 4103 1092 4176; x_wconf 85' lang='lat' dir='ltr'><strong>alierao</strong></span> <span class='ocrx_word' id='word_1_373' title='bbox 1121 4127 1291 4200; x_wconf 86' lang='lat' dir='ltr'><strong>quemque</strong></span> <span class='ocrx_word' id='word_1_374' title='bbox 1304 4129 1398 4203; x_wconf 85' lang='lat' dir='ltr'><strong>agere</strong></span> <span class='ocrx_word' id='word_1_375' title='bbox 1424 4129 1557 4200; x_wconf 91' lang='lat' dir='ltr'><strong>oportet</strong></span> <span class='ocrx_word' id='word_1_376' title='bbox 1574 4155 1584 4186; x_wconf 78' lang='grc'><em>,</em></span> <span class='ocrx_word' id='word_1_377' title='bbox 1608 4108 1642 4181; x_wconf 73' lang='lat' dir='ltr'><strong>al.</strong></span> <span class='ocrx_word' id='word_1_378' title='bbox 1665 4113 1688 4180; x_wconf 88' lang='lat' dir='ltr'><strong>l.</strong></span> <span class='ocrx_word' id='word_1_379' title='bbox 1702 4135 1735 4199; x_wconf 89' lang='lat'><strong>5.</strong></span> <span class='ocrx_word' id='word_1_380' title='bbox 1756 4111 1840 4202; x_wconf 80' lang='lat' dir='ltr'><strong>1).ss</strong></span> <span class='ocrx_word' id='word_1_381' title='bbox 1849 4109 1966 4200; x_wconf 77' lang='lat' dir='ltr'><strong>usasft.</strong></span> 
     </span>
     <span class='ocr_line' id='line_1_35' title="bbox 288 4200 1968 4307; baseline 0.001 -33"><span class='ocrx_word' id='word_1_382' title='bbox 288 4263 292 4274; x_wconf 94' lang='lat'><strong>.</strong></span> <span class='ocrx_word' id='word_1_383' title='bbox 361 4221 425 4302; x_wconf 79' lang='lat' dir='ltr'><strong>pet.</strong></span> <span class='ocrx_word' id='word_1_384' title='bbox 451 4207 491 4272; x_wconf 87' lang='lat' dir='ltr'><strong>Et</strong></span> <span class='ocrx_word' id='word_1_385' title='bbox 505 4225 615 4276; x_wconf 87' lang='lat' dir='ltr'><strong>tamen</strong></span> <span class='ocrx_word' id='word_1_386' title='bbox 629 4225 747 4274; x_wconf 88' lang='lat' dir='ltr'><strong>contra</strong></span> <span class='ocrx_word' id='word_1_387' title='bbox 761 4203 846 4276; x_wconf 77' lang='lat' dir='ltr'><strong>lunc</strong></span> <span class='ocrx_word' id='word_1_388' title='bbox 863 4203 1028 4305; x_wconf 83' lang='lat' dir='ltr'><strong>Regulam</strong></span> <span class='ocrx_word' id='word_1_389' title='bbox 1043 4206 1139 4275; x_wconf 84' lang='lat' dir='ltr'><strong>certis</strong></span> <span class='ocrx_word' id='word_1_390' title='bbox 1152 4201 1277 4275; x_wconf 84' lang='lat' dir='ltr'><strong>cafibus</strong></span> <span class='ocrx_word' id='word_1_391' title='bbox 1291 4200 1404 4298; x_wconf 83' lang='lat' dir='ltr'><strong>polle,</strong></span> <span class='ocrx_word' id='word_1_392' title='bbox 1430 4227 1539 4301; x_wconf 89' lang='lat' dir='ltr'><strong>puta,</strong></span> <span class='ocrx_word' id='word_1_393' title='bbox 1564 4209 1599 4278; x_wconf 88' lang='lat' dir='ltr'><strong>in</strong></span> <span class='ocrx_word' id='word_1_394' title='bbox 1623 4211 1839 4307; x_wconf 85' lang='lat' dir='ltr'><strong>negotiorum</strong></span> <span class='ocrx_word' id='word_1_395' title='bbox 1852 4201 1968 4278; x_wconf 82' lang='lat' dir='ltr'><strong>absen-</strong></span> 
     </span>
     <span class='ocr_line' id='line_1_36' title="bbox 367 4299 1968 4401; baseline 0.007 -34"><span class='ocrx_word' id='word_1_396' title='bbox 367 4300 408 4368; x_wconf 90' lang='lat' dir='ltr'><strong>tis</strong></span> <span class='ocrx_word' id='word_1_397' title='bbox 426 4301 584 4396; x_wconf 85' lang='lat' dir='ltr'><strong>gestione:</strong></span> <span class='ocrx_word' id='word_1_398' title='bbox 609 4325 709 4398; x_wconf 86' lang='lat' dir='ltr'><strong>atque</strong></span> <span class='ocrx_word' id='word_1_399' title='bbox 723 4305 769 4374; x_wconf 89' lang='lat' dir='ltr'><strong>ita</strong></span> <span class='ocrx_word' id='word_1_400' title='bbox 784 4301 867 4376; x_wconf 85' lang='lat' dir='ltr'><strong>hanc</strong></span> <span class='ocrx_word' id='word_1_401' title='bbox 884 4309 937 4376; x_wconf 89' lang='lat' dir='ltr'><strong>Re</strong></span> <span class='ocrx_word' id='word_1_402' title='bbox 959 4353 960 4356; x_wconf 27' lang='grc' dir='ltr'>ι</span> <span class='ocrx_word' id='word_1_403' title='bbox 996 4325 1187 4400; x_wconf 80' lang='lat' dir='ltr'><strong>perpetuam</strong></span> <span class='ocrx_word' id='word_1_404' title='bbox 1204 4329 1273 4375; x_wconf 90' lang='lat' dir='ltr'><strong>non</strong></span> <span class='ocrx_word' id='word_1_405' title='bbox 1302 4299 1379 4382; x_wconf 82' lang='lat' dir='ltr'><strong>elle.</strong></span> <span class='ocrx_word' id='word_1_406' title='bbox 1401 4303 1610 4384; x_wconf 75' lang='lat' dir='ltr'><strong>Vcrumlutc</strong></span> <span class='ocrx_word' id='word_1_407' title='bbox 1638 4310 1864 4401; x_wconf 77' lang='lat' dir='ltr'><strong>interpretatio</strong></span> <span class='ocrx_word' id='word_1_408' title='bbox 1891 4305 1968 4379; x_wconf 83' lang='lat' dir='ltr'><strong>ferri</strong></span> 
     </span>
     <span class='ocr_line' id='line_1_37' title="bbox 366 4329 1967 4567; baseline 0.005 -102"><span class='ocrx_word' id='word_1_409' title='bbox 366 4419 438 4466; x_wconf 90' lang='lat' dir='ltr'><strong>non</strong></span> <span class='ocrx_word' id='word_1_410' title='bbox 453 4400 583 4567; x_wconf 54' lang='lat' dir='ltr'><strong>POEff&#39;</strong></span> <span class='ocrx_word' id='word_1_411' title='bbox 609 4427 688 4473; x_wconf 86' lang='lat' dir='ltr'><strong>narn</strong></span> <span class='ocrx_word' id='word_1_412' title='bbox 703 4409 737 4472; x_wconf 90' lang='lat'>&amp;</span> <span class='ocrx_word' id='word_1_413' title='bbox 749 4396 883 4498; x_wconf 81' lang='lat' dir='ltr'><strong>seipsam</strong></span> <span class='ocrx_word' id='word_1_414' title='bbox 897 4329 1031 4503; x_wconf 78' lang='lat' dir='ltr'><strong>dcllruit</strong></span> <span class='ocrx_word' id='word_1_415' title='bbox 1046 4435 1060 4475; x_wconf 92' lang='lat'><strong>.·</strong></span> <span class='ocrx_word' id='word_1_416' title='bbox 1086 4405 1307 4500; x_wconf 75' lang='lat' dir='ltr'><strong>&amp;quietim</strong></span> <span class='ocrx_word' id='word_1_417' title='bbox 1321 4403 1478 4478; x_wconf 83' lang='lat' dir='ltr'><strong>mandato</strong></span> <span class='ocrx_word' id='word_1_418' title='bbox 1492 4409 1581 4511; x_wconf 72' lang='lat' dir='ltr'><strong>agit,</strong></span> <span class='ocrx_word' id='word_1_419' title='bbox 1605 4406 1712 4480; x_wconf 89' lang='lat' dir='ltr'><strong>alieno</strong></span> <span class='ocrx_word' id='word_1_420' title='bbox 1725 4410 1861 4502; x_wconf 81' lang='lat' dir='ltr'><strong>nomine</strong></span> <span class='ocrx_word' id='word_1_421' title='bbox 1874 4407 1941 4504; x_wconf 83' lang='lat' dir='ltr'><strong>agir</strong></span> <span class='ocrx_word' id='word_1_422' title='bbox 1954 4457 1967 4490; x_wconf 90' lang='lat'><em>,</em></span> 
     </span>
     <span class='ocr_line' id='line_1_38' title="bbox 329 4517 1940 4571; baseline 0.004 -9"><span class='ocrx_word' id='word_1_423' title='bbox 329 4557 331 4562; x_wconf 79' lang='grc'>,</span> <span class='ocrx_word' id='word_1_424' title='bbox 365 4519 446 4566; x_wconf 85' lang='lat' dir='ltr'><strong>mox</strong></span> <span class='ocrx_word' id='word_1_425' title='bbox 461 4517 498 4568; x_wconf 93' lang='lat' dir='ltr'><strong>ut</strong></span> <span class='ocrx_word' id='word_1_426' title='bbox 544 4521 658 4571; x_wconf 85' lang='lat' dir='ltr'><strong>cetur.</strong></span> <span class='ocrx_word' id='word_1_427' title='bbox 1938 4563 1940 4568; x_wconf 79' lang='grc'>,</span> 
     </span>
    </p>

    <p class='ocr_par' dir='ltr' id='par_1_10' title="bbox 323 4578 1969 5080">
     <span class='ocr_line' id='line_1_39' title="bbox 323 4578 1968 4703; baseline 0.007 -37"><span class='ocrx_word' id='word_1_428' title='bbox 323 4578 326 4594; x_wconf 75' lang='lat'><strong>.</strong></span> <span class='ocrx_word' id='word_1_429' title='bbox 418 4598 495 4666; x_wconf 89' lang='lat' dir='ltr'><strong>Pars</strong></span> <span class='ocrx_word' id='word_1_430' title='bbox 511 4619 628 4668; x_wconf 88' lang='lat' dir='ltr'><strong>contra</strong></span> <span class='ocrx_word' id='word_1_431' title='bbox 640 4601 686 4670; x_wconf 83' lang='lat' dir='ltr'><strong>ita</strong></span> <span class='ocrx_word' id='word_1_432' title='bbox 704 4594 831 4684; x_wconf 88' lang='lat' dir='ltr'><strong>censet,</strong></span> <span class='ocrx_word' id='word_1_433' title='bbox 858 4603 944 4676; x_wconf 88' lang='lat' dir='ltr'><strong>hanc</strong></span> <span class='ocrx_word' id='word_1_434' title='bbox 955 4607 1042 4703; x_wconf 84' lang='lat' dir='ltr'><strong>Reg.</strong></span> <span class='ocrx_word' id='word_1_435' title='bbox 1057 4624 1248 4698; x_wconf 87' lang='lat' dir='ltr'><strong>perpetuam</strong></span> <span class='ocrx_word' id='word_1_436' title='bbox 1261 4599 1320 4674; x_wconf 86' lang='lat' dir='ltr'><strong>clle</strong></span> <span class='ocrx_word' id='word_1_437' title='bbox 1330 4633 1338 4676; x_wconf 91' lang='lat'><strong>:</strong></span> <span class='ocrx_word' id='word_1_438' title='bbox 1349 4609 1427 4680; x_wconf 83' lang='lat' dir='ltr'><strong>nam</strong></span> <span class='ocrx_word' id='word_1_439' title='bbox 1437 4608 1538 4677; x_wconf 86' lang='lat' dir='ltr'><strong>etiarn</strong></span> <span class='ocrx_word' id='word_1_440' title='bbox 1550 4627 1802 4702; x_wconf 89' lang='lat' dir='ltr'><strong>procuratorem</strong></span> <span class='ocrx_word' id='word_1_441' title='bbox 1816 4624 1968 4703; x_wconf 85' lang='lat' dir='ltr'><strong>agentem</strong></span> 
     </span>
     <span class='ocr_line' id='line_1_40' title="bbox 368 4697 1969 4802; baseline 0.008 -39"><span class='ocrx_word' id='word_1_442' title='bbox 368 4697 601 4789; x_wconf 87' lang='lat' dir='ltr'><strong>procuratorio</strong></span> <span class='ocrx_word' id='word_1_443' title='bbox 614 4699 777 4784; x_wconf 89' lang='lat' dir='ltr'><strong>nomine,</strong></span> <span class='ocrx_word' id='word_1_444' title='bbox 802 4725 874 4772; x_wconf 91' lang='lat' dir='ltr'><strong>non</strong></span> <span class='ocrx_word' id='word_1_445' title='bbox 890 4699 997 4774; x_wconf 86' lang='lat' dir='ltr'><strong>alieno</strong></span> <span class='ocrx_word' id='word_1_446' title='bbox 1022 4703 1161 4774; x_wconf 87' lang='lat' dir='ltr'><strong>nomine</strong></span> <span class='ocrx_word' id='word_1_447' title='bbox 1188 4727 1309 4802; x_wconf 84' lang='lat' dir='ltr'><strong>agere,</strong></span> <span class='ocrx_word' id='word_1_448' title='bbox 1334 4699 1389 4777; x_wconf 87' lang='lat' dir='ltr'><strong>scd</strong></span> <span class='ocrx_word' id='word_1_449' title='bbox 1413 4699 1500 4784; x_wconf 86' lang='lat' dir='ltr'><strong>suo,</strong></span> <span class='ocrx_word' id='word_1_450' title='bbox 1527 4703 1799 4802; x_wconf 87' lang='lat' dir='ltr'><strong>quandoquidem</strong></span> <span class='ocrx_word' id='word_1_451' title='bbox 1823 4727 1880 4800; x_wconf 90' lang='lat' dir='ltr'><strong>per</strong></span> <span class='ocrx_word' id='word_1_452' title='bbox 1903 4701 1969 4776; x_wconf 92' lang='lat' dir='ltr'><strong>litis</strong></span> 
     </span>
     <span class='ocr_line' id='line_1_41' title="bbox 367 4793 1969 4902; baseline 0.007 -38"><span class='ocrx_word' id='word_1_453' title='bbox 367 4793 640 4866; x_wconf 86' lang='lat' dir='ltr'><strong>contestationem</strong></span> <span class='ocrx_word' id='word_1_454' title='bbox 655 4821 854 4892; x_wconf 87' lang='lat' dir='ltr'><strong>procurator</strong></span> <span class='ocrx_word' id='word_1_455' title='bbox 870 4799 935 4871; x_wconf 88' lang='lat' dir='ltr'><strong>litis</strong></span> <span class='ocrx_word' id='word_1_456' title='bbox 948 4800 1105 4873; x_wconf 86' lang='lat' dir='ltr'><strong>dominus</strong></span> <span class='ocrx_word' id='word_1_457' title='bbox 1121 4796 1282 4886; x_wconf 78' lang='lat' dir='ltr'><strong>efficitur,</strong></span> <span class='ocrx_word' id='word_1_458' title='bbox 1305 4829 1444 4900; x_wconf 86' lang='lat' dir='ltr'><strong>eamque</strong></span> <span class='ocrx_word' id='word_1_459' title='bbox 1456 4798 1515 4875; x_wconf 91' lang='lat' dir='ltr'><strong>suo</strong></span> <span class='ocrx_word' id='word_1_460' title='bbox 1529 4809 1594 4899; x_wconf 85' lang='lat' dir='ltr'><strong>jam</strong></span> <span class='ocrx_word' id='word_1_461' title='bbox 1620 4801 1877 4902; x_wconf 88' lang='lat' dir='ltr'><strong>quodammodo</strong></span> <span class='ocrx_word' id='word_1_462' title='bbox 1904 4827 1969 4875; x_wconf 89' lang='lat' dir='ltr'><strong>no-</strong></span> 
     </span>
     <span class='ocr_line' id='line_1_42' title="bbox 369 4886 1967 5080; baseline 0.007 -116"><span class='ocrx_word' id='word_1_463' title='bbox 369 4895 458 4965; x_wconf 84' lang='lat' dir='ltr'><strong>mine</strong></span> <span class='ocrx_word' id='word_1_464' title='bbox 472 4886 656 4991; x_wconf 75' lang='lat' dir='ltr'><strong>exsequitur</strong></span> <span class='ocrx_word' id='word_1_465' title='bbox 671 4946 681 4978; x_wconf 90' lang='lat'>,</span> <span class='ocrx_word' id='word_1_466' title='bbox 706 4899 730 4970; x_wconf 86' lang='lat' dir='ltr'><strong>l.</strong></span> <span class='ocrx_word' id='word_1_467' title='bbox 748 4923 803 4972; x_wconf 90' lang='grc' dir='ltr'><strong>ιι.</strong></span> <span class='ocrx_word' id='word_1_468' title='bbox 818 4897 855 4976; x_wconf 77' lang='lat' dir='ltr'><strong>in</strong></span> <span class='ocrx_word' id='word_1_469' title='bbox 862 4898 970 5007; x_wconf 77' lang='lat' dir='ltr'><strong>princ.</strong></span> <span class='ocrx_word' id='word_1_470' title='bbox 986 4902 1082 4978; x_wconf 71' lang='lat' dir='ltr'><strong>Delo</strong></span> <span class='ocrx_word' id='word_1_471' title='bbox 1098 4901 1161 4976; x_wconf 70' lang='lat' dir='ltr'><strong>dd.</strong></span> <span class='ocrx_word' id='word_1_472' title='bbox 1177 4925 1300 5006; x_wconf 81' lang='lat' dir='ltr'><strong>except.</strong></span> <span class='ocrx_word' id='word_1_473' title='bbox 1320 4908 1344 4976; x_wconf 87' lang='lat' dir='ltr'><strong>l.</strong></span> <span class='ocrx_word' id='word_1_474' title='bbox 1362 4931 1399 4996; x_wconf 84' lang='lat'><strong>4.</strong></span> <span class='ocrx_word' id='word_1_475' title='bbox 1413 4906 1443 4984; x_wconf 86' lang='lat'><strong>§.</strong></span> <span class='ocrx_word' id='word_1_476' title='bbox 1459 4907 1517 4982; x_wconf 75' lang='lat' dir='ltr'><strong>ult.</strong></span> <span class='ocrx_word' id='word_1_477' title='bbox 1529 4910 1576 4990; x_wconf 62' lang='lat' dir='ltr'><strong>D,</strong></span> <span class='ocrx_word' id='word_1_478' title='bbox 1590 4905 1628 4978; x_wconf 70' lang='lat' dir='ltr'><strong>de</strong></span> <span class='ocrx_word' id='word_1_479' title='bbox 1638 4907 1784 5008; x_wconf 79' lang='lat' dir='ltr'><strong>appellat.</strong></span> <span class='ocrx_word' id='word_1_480' title='bbox 1805 4902 1967 5080; x_wconf 62' lang='lat' dir='ltr'><strong>&amp;stipadi-</strong></span> 
     </span>
     <span class='ocr_line' id='line_1_43' title="bbox 375 5003 1967 5080; baseline -0.001 0"><span class='ocrx_word' id='word_1_481' title='bbox 375 5069 381 5080; x_wconf 84' lang='lat'><strong>.</strong></span> <span class='ocrx_word' id='word_1_482' title='bbox 1167 5003 1215 5074; x_wconf 83' lang='grc' dir='ltr'><strong>Μ</strong></span> <span class='ocrx_word' id='word_1_483' title='bbox 1261 5026 1281 5076; x_wconf 73' lang='lat'><em>2</em></span> <span class='ocrx_word' id='word_1_484' title='bbox 1516 5026 1519 5032; x_wconf 47' lang='lat'><strong><em>¹</em></strong></span> <span class='ocrx_word' id='word_1_485' title='bbox 1904 5029 1967 5078; x_wconf 68' lang='lat' dir='ltr'><strong>m·</strong></span> 
     </span>
    </p>
   </div>
   <div class='ocr_carea' id='block_1_7' title="bbox 0 0 2375 5924">
    <p class='ocr_par' dir='ltr' id='par_1_11' title="bbox 0 0 2375 5924">
     <span class='ocr_line' id='line_1_44' title="bbox 0 0 2375 5924; baseline 0 0"><span class='ocrx_word' id='word_1_486' title='bbox 0 0 2375 5924; x_wconf 95' lang='lat' dir='ltr'><strong> </strong></span> 
     </span>
    </p>
   </div>
  </div>
 </body>
</html>
