4632 5916
478 485 1162 625 orrurrtotctrs,x11.cotr.
1189 539 1473 620 arnonius
1500 487 1692 622 troes-7
1791 580 1854 647 ις.

269 647 392 722 Gtaeci:
416 669 532 716 verum
547 669 588 714 eo
601 636 807 736 potiffimum
823 634 938 725 sensu,
966 638 1059 735 quod
1076 641 1279 736 praecipuum
1290 647 1452 716 mer'eatur
1467 643 1637 730 savorem,
1661 653 1754 742 cujus
1772 648 1867 724 causa
2019 711 2023 720 .

270 776 289 820 a
303 750 412 846 rigore
421 749 442 820 J
445 745 510 814 uris
525 739 707 817 recedatur,
720 733 812 834 isque
827 732 957 834 insuper
970 737 1136 812 habeatur:
1150 745 1258 834 Hujus
1274 740 1396 816 savoris
1409 743 1556 842 alioquin
1574 745 1782 822 striuuraseu
1791 777 1866 850 pars
1998 799 2003 806 ·

270 847 338 918 est.
393 869 424 916 1.
451 849 502 916 Ut
515 845 550 914 in
564 831 708 910 obscuro
721 831 901 912 seeundum
913 838 1095 912 libertatem
1108 841 1271 936 judicetur
1287 895 1297 926 ,
1314 865 1386 938 quo
1399 847 1539 938 pertinet
1555 849 1649 920 ilex
1668 875 1726 922 ιο.
1734 853 1809 954 lup.
1825 863 1866 936 ῤ’

275 972 356 1036 179.
370 941 433 1036 inf.
489 970 521 1014 ι.
548 945 601 1012 Ut
613 937 762 1010 vindiciae
775 933 957 1014 sectandum
971 965 1044 1012 erm
1061 935 1187 1035 semper
1202 941 1350 1022 dentur,
1376 969 1448 1042 quo
1465 938 1585 1038 spectat
1597 950 1631 1020 d.
1645 954 1698 1020 lex
1715 959 1795 1024 106.
1803 953 1868 1042 fir.

266 1070 352 1150 pra.
379 1041 450 1116 Ubi
464 1039 607 1112 similiter
620 1033 748 1112 libertas
760 1039 986 1113 inaestimabilis
1000 1035 1119 1112 resessc
1132 1040 1278 1124 dicitur,
1302 1063 1339 1114 ut
1366 1047 1418 1116 hic
1439 1041 1565 1116 infinita
1585 1053 1654 1138 ejus
1678 1050 1868 1124 aestimatio.

275 1174 306 1238 3.
337 1148 389 1216 Ut
418 1138 549 1236 paribus
566 1163 708 1210 numero
723 1140 893 1218 iudicum
908 1135 1073 1212 sententiis
1093 1135 1273 1213 secundum
1290 1139 1472 1216 libertatem
1488 1143 1584 1216 detur
1603 1139 1658 1218 scu
1686 1145 1877 1239 pudicerur.

101 1263 128 1312 ,·
173 1290 191 1316 s
269 1269 342 1340 quo
357 1239 644 1314 reserendaestlex
660 1264 739 1314 ιιι.
745 1239 872 1344 firprae.
899 1249 983 1332 Quae
998 1237 1133 1336 quidem
1148 1261 1287 1336 trespro
1300 1241 1446 1316 libertate
1462 1241 1583 1316 favoris
1603 1239 1720 1340 speeies
1745 1271 1867 1320 notan-

270 1341 318 1430 das
331 1337 484 1423 suntote
500 1363 617 1438 quarta
625 1393 639 1426 ,
664 1367 735 1438 quo
747 1340 818 1413 haec
829 1345 916 1450 Reg.
929 1343 1071 1438 pertinet
1084 1395 1100 1428 ‚
1124 1347 1158 1413 δι
1173 1341 1215 1415 de
1230 1367 1298 1440 qua
1314 1367 1412 1429 mox,
1441 1337 1574 1442 separari
1581 1343 1621 1414 se
1637 1395 1651 1430 ,
1665 1372 1701 1418 ac
1725 1341 1868 1442 proinde

271 1447 306 1514 dt
320 1435 554 1614 ipsaedquatuor
569 1441 655 1543 seges
668 1439 728 1512 ille
741 1439 783 1514 ab
798 1441 911 1518 hacne
926 1441 1159 1542 distinguenda
1170 1467 1330 1526 vuirunt,
1358 1469 1432 1542 quae
1457 1445 1492 1516 in
1518 1469 1699 1518 commune
1721 1445 1871 1544 alioquin

269 1565 396 1616 concor
420 1565 494 1614 ant.

320 1641 425 1730 Quod
436 1639 704 1734 Neceffirrrdirrrm
717 1641 833 1714 attinet
863 1640 926 1732 (de
941 1667 1007 1740 qua
1026 1639 1106 1716 nihil
1119 1644 1311 1740 interpretes
1325 1641 1422 1717 musti
1436 1667 1473 1716 ex
1491 1642 1615 1738 hirqui
1642 1642 1683 1714 ad
1698 1642 1772 1716 alias
1785 1629 1874 1746 leges

270 1733 335 1812 sese
356 1739 409 1810 hic
436 1739 605 1834 referunt)
632 1745 677 1815 cll
694 1769 730 1818 ca
743 1743 796 1814 hic
820 1766 858 1816 ut
873 1750 908 1816 δι
919 1749 942 1816 l.
959 1750 1019 1818 nln
1031 1753 1075 1818 D.
1086 1743 1212 1838 dejust.
1226 1749 1375 1836 (iujos,
1401 1751 1436 1815 &
1451 1744 1519 1815 aliis
1536 1741 1683 1839 pluribus
1703 1743 1805 1824 locis,
1832 1767 1871 1816 ut

201 1843 204 1850 '
266 1843 293 1912 l.
312 1865 344 1911 2.
360 1839 463 1929 injus
477 1867 549 1926 vor.
565 1865 603 1914 ιιι
616 1866 689 1915 rane
706 1895 718 1925 ,
745 1846 767 1915 l.
789 1868 817 1916 t.
829 1847 858 1921 §.
873 1845 1056 1942 consequens
1067 1857 1106 1926 ci*
1118 1849 1141 1916 l.
1156 1870 1190 1933 9.
1209 1854 1257 1917 D.
1269 1845 1307 1916 de
1318 1843 1466 1948 [aspeliis
1480 1841 1610 1914 erueris.
1626 1848 1649 1916 l.
1666 1871 1723 1937 24.
1734 1845 1770 1915 de
1783 1849 1872 1946 lega·
1952 1873 1955 1882 ’

267 1939 311 2010 tis
320 1939 524 2040 pallando,
547 1946 569 2011 l.
589 1968 610 2034 5*
634 1947 663 2020 §.
682 1943 863 2040 r.eanib.
880 1947 969 2037 caefi
980 1945 1016 2017 in
1028 1943 1100 2047 poffi
1115 1968 1176 2015 eet.
1189 1949 1210 2017 l.
1230 1970 1287 2036 ιο.
1304 1949 1336 2023 §.
1349 1949 1409 2015 ult.
1426 1942 1585 2044 delegatis
1597 1969 1626 2014 r.
1642 1947 1685 2016 l.r
1698 1973 1727 2038 3.
1746 1945 1868 2016 Gadda

263 2038 470 2144 probationis.
482 2045 504 2113 l.
523 2049 555 2112 6.
576 2045 657 2113 C.de
665 2043 752 2145 firfp.
768 2068 865 2116 turer.
879 2048 901 2115 l.
918 2069 947 2116 t.
965 2055 1001 2117 C.
1019 2047 1102 2116 uncle
1123 2043 1261 2143 legitimi
1279 2097 1291 2128 ,
1314 2049 1337 2116 l.
1358 2069 1412 2138 ιγ.
1429 2054 1464 2116 C.
1480 2041 1618 2114 deliber.
1637 2043 1724 2133 caufi
1735 2047 1758 2116 l.
1779 2071 1811 2116 2.
1830 2051 1867 2118 C.

267 2139 305 2210 dr
320 2139 480 2240 adoption.
491 2141 577 2233 apud
591 2143 727 2214 Paulum
745 2169 776 2233 5.
783 2143 867 2231 sene.
887 2169 899 2214 ι
907 2149 978 2236 5.§.
994 2147 1233 2236 clamatorem
1246 2141 1358 2243 legum
1375 2136 1514 2216 Mosaic.
1532 2143 1619 2214 rins.
1630 2169 1718 2216 num.
1734 2143 1870 2236 pererit.

269 2261 304 2327 9.
316 2265 404 2308 ιιιιιιι.
418 2243 480 2310 ult.
494 2242 701 2332 Corrjundlio
718 2237 879 2341 sanguinis
901 2247 953 2334 (ut
964 2241 1142 2341 aliquando
1152 2239 1278 2338 psen'm
1290 2241 1433 2334 dicitur)
1462 2244 1669 2339 agnationis,
1697 2243 1873 2340 cognatio·

268 2337 490 2426 nisotrpprme
505 2338 608 2412 uterc
623 2343 726 2414 Graeci
741 2363 896 2419 vertunt,
921 2368 995 2439 quae
1006 2341 1565 2446 pietargrnuinavocaturl.3.§.4
1580 2339 1665 2411 Deir
1678 2339 1773 2410 libero
1786 2341 1868 2414 horr.
1973 2358 1976 2364 “
2063 2409 2066 2418 ,

267 2437 371 2508 exiii.
400 2439 562 2522 Quinimo
575 2440 804 2533 neceffirudr'nr's
815 2441 918 2511 verbo
928 2442 1072 2510 exaudiri
1085 2459 1221 2534 oportet
1236 2443 1271 2508 dt
1294 2439 1395 2510 aliam
1405 2461 1643 2535 quamcunque
1657 2433 1874 2535 personarum

266 2537 559 2620 commissionem,
587 2563 624 2608 ex
648 2533 760 2629 officii
774 2537 910 2628 alicujus
925 2541 1051 2612 ratione
1070 2588 1079 2614 ‚
1106 2559 1180 2632 ‹puae
1192 2559 1233 2607 ut
1249 2537 1330 2610 alios
1355 2561 1417 2633 pro
1442 2537 1585 2608 aliorum
1603 2532 1702 2608 sainte
1717 2533 1872 2610 sollicitos

215 2655 219 2662 ·
268 2633 397 2708 reddit.
423 2657 460 2702 ut
472 2631 623 2728 loquitur
640 2639 677 2720 d,
689 2643 711 2708 l.
734 2665 763 2728 3.
776 2641 805 2712 §.
828 2663 858 2708 ι.
874 2635 951 2720 vel,
977 2659 1014 2707 ut
1029 2636 1151 2709 Gellius
1166 2633 1278 2706 definit
1289 2637 1348 2707 lii.
1368 2660 1505 2737 13..cap.
1521 2663 1551 2727 r.
1574 2635 1773 2708 necessitudo
1798 2635 1843 2708 cst
1860 2687 1877 2720 ,

267 2734 318 2826 jus
332 2731 502 2826 quoddam
517 2739 551 2801 δι
564 2735 741 2805 vinculum
753 2731 906 2831 religiosae
921 2737 1188 2824 conjunctionis.
1214 2727 1266 2804 seu
1277 2741 1327 2828 jus
1341 2729 1489 2806 officium
1518 2760 1557 2804 ue
1574 2729 1784 2810 observantie
1799 2729 1873 2808 affi-

268 2826 466 2926 nitatisque:
494 2835 529 2898 δι
546 2829 730 2914 necesarii,
757 2835 816 2926 qui
832 2833 897 2904 hoc
912 2827 1017 2926 ipsum
1033 2839 1082 2924 jus
1095 2827 1262 2903 affinitatis
1286 2759 1550 2904 familiaritatisve
1573 2833 1745 2922 conjunlt'i
1772 2826 1874 2909 sunt'.

270 2929 350 2998 Hoc
366 2953 513 2998 numero·
524 2923 599 3000 sunt
614 2933 700 3000 inter
714 2925 744 2999 se
756 2930 862 3002 liberti
879 2932 1080 3025 repertori,
1107 2929 1202 3027 quod
1215 2928 1320 3023 docet
1341 2931 1457 3007 Paulus
1479 2929 1534 3004 lis.
1548 2960 1580 3023 5.
1589 2933 1670 3022 sent.
1684 2931 1737 3002 ιίι.
1756 2955 1788 3022 5.
1808 2959 1876 3002 nu·
1893 2969 1897 2975 ·

269 3027 354 3097 tricii
370 3033 406 3096 dt
419 3025 569 3113 alumni,
594 3033 621 3100 l.
635 3055 664 3100 r.
679 3032 754 3114 §.·7.
770 3038 814 3102 D.
827 3033 866 3101 de
873 3031 1012 3134 suspesl.
1023 3055 1088 3104 ιιιι.
1110 3029 1243 3102 clientes
1264 3035 1300 3102 dt
1326 3035 1481 3126 patroni:
1507 3032 1706 3124 Neceffltudo
1731 3029 1877 3126 denique

270 3153 386 3214 ereptor
400 3129 472 3194 κατ’
487 3151 582 3243 erasas
593 3127 741 3202 amicitie
752 3129 804 3204 vis
817 3134 851 3202 in
866 3127 985 3204 Glossrs
999 3131 1188 3204 Philoxeni.
1214 3135 1255 3202 Et
1271 3129 1315 3204 fic
1327 3131 1555 3226 nuffrudinis
1576 3155 1642 3203 vox
1655 3128 1750 3202 latius
1764 3151 1881 3225 patetf

299 3251 375 3296 uam
389 3253 425 3295 co
447 3251 586 3300 nationes
600 3283 612 3303 .
1001 3247 1004 3256 '
1037 3247 1043 3259 '

272 3247 297 3326 q
322 3255 509 3422 oninique
519 3330 642 3428 igitur,
669 3350 738 3402 ram
759 3327 915 3402 libertatis
934 3352 1036 3426 quam
1060 3325 1339 3417 Necessitudinis,
1365 3351 1404 3402 ut
1418 3321 1544 3402 infinita
1561 3329 1732 3400 estimatio
1751 3327 1804 3400 hic
1818 3317 1880 3402 ellit

222 3465 228 3476 ·
270 3423 418 3512 dicitur,
444 3431 488 3498 ita
501 3425 634 3500 infinita
647 3435 716 3523 ejus
734 3431 953 3502 estimationis
966 3425 1099 3502 effeetus
1127 3432 1272 3502 cernitur
1289 3437 1328 3501 de⁴
1346 3434 1380 3502 ira
1405 3429 1573 3503 Interdr'llo
1586 3431 1624 3500 dr
1642 3426 1765 3500 hrnrine
1779 3425 1876 3500 silero

270 3525 445 3601 exhibendo
459 3581 468 3600 .
495 3531 627 3626 Nempe
643 3528 668 3600 st
681 3534 756 3626 quis
769 3526 910 3603 liberum
922 3531 1094 3602 bominem
1108 3528 1190 3601 dolo
1203 3527 1293 3602 maso
1305 3534 1459 3608 retineat,
1485 3528 1705 3602 interdictum*
1718 3523 1880 3598 omnibus

270 3631 453 3722 competit}
478 3629 592 3700 Nemo
605 3631 699 3700 coitu
713 3629 943 3726 prohibendus
965 3629 1011 3701 esi
1027 3629 1167 3701 libertati
1184 3626 1294 3701 sarcre
1303 3681 1319 3714 ,-
1341 3633 1404 3703 dl.
1421 3633 1492 3724 pi.
1511 3655 1543 3719 9.
1557 3631 1590 3701 d.
1602 3651 1628 3700 ι.
1655 3629 1820 3716 Quinimo
1839 3629 1878 3696 dc

271 3726 607 3824 mulierecpapillus·
615 3729 680 3801 hoc
700 3729 885 3801 Interdidio
896 3731 1030 3825 experiri
1051 3724 1204 3824 possunt,
1231 3751 1295 3822 pro
1307 3753 1459 3828 cognato
1471 3729 1522 3800 vel
1549 3748 1683 3822 parente
1703 3723 1754 3795 vel
1770 3719 1878 3794 adfine
2003 3793 2008 3808 ,

272 3820 334 3896 sno
349 3821 501 3912 solliciti,
521 3831 555 3900 d.
572 3834 595 3900 l.
615 3855 646 3921 ι.
657 3832 686 3906 §.
704 3853 760 3900 ιι.
787 3831 881 3900 Narra·
892 3837 928 3901 δι
946 3831 989 3900 ira
1002 3827 1137 3925 pubiico
1154 3827 1278 3920 judicio
1289 3823 1600 3922 accusarepossunt‚
1627 3823 1652 3896 fi
1667 3819 1804 3900 suorum
1818 3823 1872 3892 in·

270 3925 373 4020 jurias-
396 3951 599 4024 exequantur
617 3928 649 3999 d.
665 3932 688 4000 l.
706 3955 737 4022 ς.
752 3932 782 4006 §.
805 3955 860 4001 ιι.
883 3939 922 4012 όν
939 3933 960 4001 l.
984 3953 1014 4001 ι.
1034 3956 1066 4002 ι.
1084 3938 1128 4002 D.
1146 3930 1184 3998 de
1202 3926 1396 4020 accusation.
1422 3933 1473 3999 lta
1487 3925 1624 4023 quidem
1646 3945 1683 3995 ut
1707 3915 1880 3996 necessarie
1967 3937 1971 3946 '

271 4022 408 4118 persona
422 4029 457 4098 in
467 4022 632 4099 concursu
644 4026 842 4122 preferenda
858 4025 896 4099 fit
910 4081 922 4113 ,
948 4031 983 4100 d.
997 4033 1019 4099 l.
1042 4053 1072 4120 ι.
1085 4032 1114 4105 5.
1130 4035 1196 4100 tr.
1353 4047 1356 4056 '
2016 4033 2019 4041 ’

271 4215 296 4290 d
323 4125 364 4194 Et
380 4124 454 4294 silc
466 4125 813 4299 quiderpepenuinaest
827 4123 960 4222 hujusce
972 4131 1015 4202 R..
1028 4123 1164 4223 species:
1191 4127 1458 4221 Quamquam&
1471 4126 1576 4221 aptari
1586 4121 1701 4196 eadem
1712 4113 1801 4216 posse
1819 4117 1871 4190 vi-

297 4241 370 4291 etur
432 4251 547 4311 viano,

274 4311 386 4398 sensu:
411 4324 558 4394 Generali
574 4325 745 4399 bonorum
761 4323 962 4426 obligatione
978 4321 1031 4400 seu
1046 4327 1231 4424 hypotheca
1243 4325 1360 4400 liberas
1370 4319 1524 4420 personas
1539 4347 1595 4394 aut
1609 4320 1803 4414 conjunctas
1818 4310 1876 4388 sert

273 4413 457 4492 neceffiri'as
468 4421 656 4514 hypotheca
669 4426 759 4494 datas
773 4449 844 4496 non
857 4427 982 4496 videri:
1008 4425 1105 4520 quod
1124 4425 1276 4521 alioquin·
1294 4423 1393 4496 docet
1406 4427 1459 4494 lex
1475 4429 1508 4493 6.
1527 4447 1562 4508 γ’.
1579 4421 1613 4492 8.
1630 4427 1676 4491 D.
1692 4415 1872 4520 depignor.

273 4521 300 4589 l.
317 4521 373 4612 38.
389 4529 434 4594 D.
452 4521 489 4592 de
503 4520 566 4594 reb.
581 4529 697 4598 ausser.
704 4526 781 4614 jud.
794 4525 907 4626 pfflsl.
918 4529 944 4596 l.
962 4549 991 4598 ι.
1003 4537 1104 4622 C.qru
1114 4553 1161 4596 res
1168 4526 1255 4630 plgn.
1267 4523 1359 4625 oblig.
1373 4531 1410 4596 ὃ(
1423 4521 1539 4596 Paulus
1550 4519 1606 4594 lib.
1626 4545 1657 4611 5.
1664 4517 1745 4610 sint.
1764 4517 1818 4588 tit.
1834 4521 1870 4586 6.

272 4615 382 4715 infine
398 4675 406 4694 .
434 4627 561 4692 Verum
575 4625 677 4717 priori
695 4619 807 4718 speciei
821 4615 1107 4698 adhaerescendum
1117 4629 1317 4726 magis-puto
1328 4677 1343 4698 .

325 4723 416 4792 Hinc
429 4725 495 4813 jam
508 4723 635 4799 constat
646 4775 662 4806 „
686 4725 822 4796 alienam
835 4719 894 4795 effi:
909 4721 1043 4822 prorsus
1063 4731 1189 4820 Cujacii
1206 4726 1259 4800 suc
1274 4747 1413 4822 quoque
1426 4723 1751 4820 interpretationem,
1777 4711 1878 4814 (ῙῦΟᾶ

276 4839 351 4912 quae
366 4825 435 4910 jure
450 4821 615 4915 potestatis
631 4821 713 4894 fiunt
730 4826 776 4909 (h.
791 4825 862 4898 1.·ὶιι
871 4835 940 4928 pr.)
966 4833 1002 4896 δι
1017 4827 1243 4920 necessitudinis
1263 4825 1693 4922 ιάιιιριιιιιιιιιιιιιθιίιιιιιῐιι
1709 4842 1779 4890 raon
1793 4841 1869 4916 pcr-

273 4915 417 4996 linerat.
444 4929 528 5012 Quae
543 4927 658 4998 omnia
670 4925 1068 5026 necquicqtumadhauc
1081 4927 1103 5002 l.
1115 4925 1268 4999 nemu.
1816 4925 1869 4991 D?

640 4225 732 4325 qtrasr
746 4225 1117 4313 Salviarrolntetdillo,
1141 4227 1418 4320 demqucallioni
1439 4223 1611 4302 Saluiam,
1637 4221 1702 4293 boc
1721 4215 1873 4290 videlicet
1966 4228 1970 4234 ’
1995 4211 2004 4220 ’
