4632 5916
548 565 615 630 17²
799 573 811 588 ·
955 531 1813 610 t-Acoetcotrttoeussnt
2254 621 2255 624 Ἴ

541 617 731 734 sequenda',
759 657 861 732 quam
890 627 1026 726 speciem
1053 630 1231 702 Raevardus
1245 629 1297 703 bie
1316 630 1532 702 constituebat
1546 659 1582 702 ar
1607 686 1616 704 .
1638 637 1661 702 ἱ.
1683 643 1762 707 ιι6.
1777 643 1824 708 D.
1838 633 1877 704 de
1898 639 1938 708 V..
1953 641 1988 708 S.
2012 659 2087 734 qua
2104 665 2139 711 ex

536 737 660 810 eodem
676 735 823 829 alioquin
845 730 995 807 Javoleni
1006 728 1092 801 libro
1104 725 1277 823 desumpta
1289 729 1356 801 est:
1381 733 1473 800 Nam
1484 659 1685 825 ineatipocie
1712 759 1781 803 non
1812 733 1856 804 est
1877 731 2057 808 concursus
2079 761 2137 808 aut
2254 823 2255 826 Ἴ

539 833 712 908 conditius
731 833 870 904 duarum
886 833 1191 923 interpretationum
1208 831 1313 922 iniqui
1325 827 1453 924 aliquid
1469 831 1503 898 in
1517 823 1549 898 se
1573 831 1839 902 continentium:
1856 857 1982 914 ,verum
2010 831 2051 905 de
2076 861 2134 908 uo-

538 929 673 1006 luntatis
687 933 874 1024 conjectura
889 931 996 1027 agitur
1011 974 1021 1006 ,
1043 952 1121 1023 qua:
1137 925 1215 998 nihil
1230 949 1313 1020 puto
1327 926 1424 996 habet
1437 929 1618 1022 iniquitatis
1634 980 1644 999 .
1670 931 1754 998 Non
1768 929 1812 999 est
1827 932 1924 1000 etiarn
1938 929 2135 1006 admittenda

537 1027 680 1106 secunda
694 1027 810 1126 speeies
825 1027 974 1128 Iegis.45.
988 1029 1016 1102 §.
1036 1054 1066 1097 ι.
1081 1036 1126 1100 D.
1144 1025 1181 1096 de
1190 1023 1299 1120 fideic.
1317 1025 1417 1098 libert.
1446 1029 1574 1119 quiain
1590 1032 1657 1118 ejus
1671 1021 1772 1120 spec'u·
1787 1031 1871 1098 ratio
1886 1027 1953 1100 haec
1971 1033 2133 1119 verritur,
2254 1065 2255 1068 ¹

539 1128 637 1228 quod
651 1129 821 1228 legatarius
834 1120 1011 1224 agnovisset
1026 1123 1191 1223 legatum,
1208 1145 1245 1192 ut
1256 1123 1395 1218 proinde
1408 1121 1487 1193 nihil
1501 1128 1606 1219 iniqui
1619 1121 1663 1196 ibi
1679 1129 1906 1198 contineatur.
1921 1131 2004 1198 Non
2018 1130 2130 1203 admit·
2254 1147 2255 1152 ’

540 1229 639 1302 tenda
651 1229 744 1300 tertia
756 1229 791 1297 in
806 1223 1017 1296 condidiione
1030 1223 1075 1294 ob
1091 1247 1222 1318 turpem
1237 1217 1364 1294 causam
1381 1272 1391 1300 ‚
1420 1223 1510 1323 &sp
1522 1225 1544 1293 l.
1551 1227 1773 1326 fiprocurator
1781 1253 1821 1314 9.
1831 1233 1876 1297 D.
1886 1227 1924 1295 de
1940 1253 2059 1330 except.
2076 1232 2129 1301 do-

538 1328 584 1404 li:
610 1323 666 1397 ubi
679 1320 788 1396 saneli
805 1317 973 1417 utriusque
998 1322 1171 1416 turpitudo
1194 1316 1362 1403 versetur,
1387 1322 1555 1392 condietio
1575 1319 1693 1394 cessat:
1719 1350 1788 1394 non
1800 1327 1877 1420 quia
1891 1324 1940 1394 -id
1956 1328 2129 1420 minimum
2254 1316 2255 1342 ¹

539 1423 655 1501 lrabeat
665 1425 847 1520 iniquitatis
858 1415 875 1506 ',
886 1417 938 1492 sed
948 1424 1025 1516 quia
1039 1423 1074 1491 iu
1086 1425 1155 1516 pati
1168 1415 1261 1493 causa
1274 1415 1425 1514 poss'essbr
1440 1423 1551 1516 potior
1562 1421 1609 1494 est
1624 1415 1800 1496 scultaberi
1813 1421 1930 1502 deber,
1949 1448 1993 1496 ut
2014 1421 2129 1522 expres·
2161 1461 2165 1468 ·

538 1521 572 1599 se
583 1525 703 1597 dicitur
716 1527 773 1617 ιβ
787 1519 823 1592 ob
834 1543 957 1624 turpem
975 1523 1008 1591 8.
1020 1530 1065 1592 D·.
1081 1522 1118 1590 de
1134 1519 1264 1590 conditi.
1284 1519 1318 1590 ob
1333 1543 1386 1589 tur
1408 1520 1518 1608 .ceufi
1545 1526 1580 1588 δε
1595 1520 1707 1612 justius
1721 1545 1819 1615 penes
1847 1546 1924 1592 eum
1939 1523 1985 1594 est
2003 1549 2128 1619 accepta

537 1626 700 1722 pecunia,
725 1621 757 1693 d.
769 1625 791 1692 l.
806 1647 840 1710 9.
855 1625 890 1690 δι
905 1617 945 1690 fic
960 1616 1053 1690 favor
1065 1613 1262 1713 polleliionis
1279 1621 1313 1688 in
1329 1645 1364 1690 ea
1380 1545 1482 1712 iperie
1499 1616 1637 1701 militat,
1651 1616 1692 1688 de
1707 1642 1778 1713 quo
1792 1612 1872 1693 sunt,
1888 1619 2016 1719 aliquot
2032 1623 2124 1714 hujus

538 1721 626 1795 tituli
640 1719 799 1821 Regulae.
825 1722 908 1791 Non
924 1716 1064 1791 admitto
1078 1717 1176 1788 etiam
1191 1740 1343 1812 quartam
1354 1711 1493 1813 spetiem
1504 1721 1537 1788 in
1554 1716 1767 1790 Carboniano
1778 1715 1916 1802 Edicto,
1942 1727 1977 1792 dc
1992 1722 2122 1817 quidem
2254 1791 2255 1800 ,

534 1825 573 1894 in
588 1816 635 1914 sp.
647 1825 669 1892 1.
689 1849 719 1911 ς.
734 1823 809 1911 §.·5.
828 1829 874 1892 D.
890 1819 1017 1890 euleu.
1046 1819 1122 1912 quia
1136 1815 1308 1914 legisillius
1325 1815 1425 1916 longe
1437 1815 1497 1887 alia
1510 1818 1592 1886 ratio
1618 1816 1687 1894 est.
1707 1840 1831 1910 nornpe
1858 1817 1951 1912 quod
1971 1819 2010 1892 id
2035 1819 2124 1914 quod
2254 1889 2255 1910 ἶ

533 1923 572 1992 in
589 1917 736 1990 favorem
747 1919 878 2012 alicujus
889 1917 1116 1990 irrtrocludtum
1128 1917 1233 1998 cst‚in
1247 1920 1314 2010 eius
1330 1916 1445 1988 odium
1462 1937 1651 2010 retorquere
1666 1941 1736 1986 non
1750 1937 1914 2008 oporteat,
1928 1941 1965 1990 ut
1975 1915 2020 1990 ibi
2035 1944 2121 2013 aper-
2252 1947 2255 2044 p

533 2041 571 2090 ee
582 2017 702 2090 dicitur
720 2072 728 2088 .
744 2021 827 2090 Non
839 2016 980 2088 admitto
987 2017 1143 2112 quintam
1159 2009 1297 2109 speciem
1313 2016 1531 2086 Restitutioue
1545 2016 1687 2084 Minoris
1701 2015 1797 2084 etiam
1812 2011 1962 2086 adversus
1970 2021 2122 2115 ignotan-

534 2141 626 2196 tem,
651 2117 724 2189 l.a'n
738 2117 832 2207 cause
853 2143 907 2208 ¹3·
920 2119 948 2191 §-
960 2120 1020 2186 ult.
1038 2123 1082 2202 D,
1096 2116 1134 2186 de
1147 2111 1295 2208 minandi
1321 2118 1398 2208 quia
1414 2111 1458 2184 ibi
1470 2111 1563 2182 favor
1575 2116 1673 2184 etatis
1687 2114 1823 2184 vertitur
1839 2165 1848 2183 .
1876 2117 1959 2186 Non
1985 2118 2121 2190 admitto

537 2211 657 2286 sertam
672 2219 705 2288 iu
719 2213 1034 2286 uentreotbetedato
1051 2260 1060 2292 a
1086 2239 1164 2286 mox
1177 2237 1285 2296 nato,
1310 2214 1442 2283 interim
1455 2209 1597 2294 alendo,
1622 2216 1644 2283 l.
1667 2237 1698 2282 t.
1715 2215 1743 2304 l„
1753 2211 1811 2300 ῥά
1823 2217 1899 2306 etss,
1927 2219 1972 2284 t).
1991 2217 2028 2288 de
2044 2241 2120 2288 oeu-

534 2337 585 2386 tre
598 2312 633 2384 in
643 2315 752 2416 poffiff.
768 2313 854 2385 mitt.
876 2315 957 2408 quia
970 2319 1005 2384 dt
1021 2311 1065 2384 ibi
1077 2309 1170 2382 fauor
1181 2313 1324 2384 uertitur
1342 2333 1412 2384 turn
1429 2311 1682 2404 alimentorum,
1710 2332 1781 2380 tum
1797 2309 2000 2383 &nascentis
2019 2311 2121 2386 infun·

537 2413 579 2482 tis
595 2465 604 2482 .
631 2414 714 2481 Nou
728 2409 867 2481 admitto
882 2409 1023 2502 denique
1035 2407 1171 2504 speciem
1186 2413 1220 2480 in
1239 2409 1446 2502 temporibus
1461 2407 1734 2502 appellationum,
1762 2405 1817 2478 ubi
1833 2409 1986 2503 equidem
2012 2437 2120 2483 verum

531 2509 607 2592 ost,
629 2507 734 2580 finon
749 2508 893 2593 constet,
918 2529 1032 2578 utrum
1045 2529 1196 2603 tempora
1209 2507 1429 2600 appellationis
1448 2506 1590 2601 preetetla
1614 2501 1746 2592 saline,
1771 2532 1831 2578 nec
1847 2533 1888 2578 ne
1904 2561 1916 2592 ,
1941 2535 2004 2604 pto
2018 2509 2119 2605 appel

442 2663 446 2670 .
535 2605 664 2678 lationis
679 2613 749 2700 jure
765 2601 1027 2702 respondendum
1043 2601 1116 2678 effe.
1133 2605 1196 2678 Sed
1207 2603 1295 2676 nulla
1306 2605 1351 2678 ibi
1365 2606 1570 2705 benignitatis
1581 2531 1698 2700 liiecies
1714 2607 1876 2686 vertitur,
1903 2634 1961 2680 nee
1978 2601 2118 2708 benigni-

536 2708 597 2776 tati
611 2703 747 2790 litatur,
769 2705 861 2778 baud
877 2703 967 2776 aliter
978 2727 1078 2800 atque
1093 2708 1127 2776 in
1146 2699 1247 2800 specie
1261 2704 1336 2805 legis
1350 2735 1383 2796 9.
1390 2706 1489 2809 supra
1505 2759 1516 2788 ‚
1543 2707 1573 2778 h.
1589 2715 1613 2778 t'.

584 2811 718 2876 Maneat
730 2807 834 2902 igitur
848 2803 1035 2899 ponendam
1051 2799 1110 2876 eli}
1124 2799 1262 2899 speciem
1276 2808 1310 2876 in
1326 2804 1451 2876 duabus
1467 2803 1789 2900 interpretationibus
1803 2805 1957 2904 ‚aliquid
1970 2810 2005 2880 in
2019 2804 2048 2880 se
2059 2812 2119 2881 ini·

528 2905 591 2998 qui
605 2900 1027 2993 habentibusuCujusmodi
1045 2898 1117 2974 sane
1153 2905 1275 2976 enuina
1288 2897 1406 2996 speeies
1420 2904 1609 2976 continetur
1622 2908 1655 2976 in
1667 2909 1689 2976 l.
1706 2936 1740 2994 4.
1757 2905 1841 2978 tude
1855 2907 2014 2996 diverfiol-
2032 2933 2119 3010 temp.
2252 2841 2255 3000 l

525 2999 693 3104 prescript.
711 3025 784 3096 qua:
799 3027 836 3073 ex
847 2999 964 3072 eodem
979 2927 1226 3077 Javoleniiibro
1240 3029 1274 3090 7.
1285 3001 1500 3097 Ppistolarum
1515 2997 1705 3098 desumpta,
1732 3003 1808 3075 huic
1819 3005 2048 3104 conjungenda
2063 3033 2116 3077 ve·
2254 3007 2255 3016 ’

528 3103 581 3170 nit
595 3133 607 3170 .·
634 3101 800 3188 Quaeritur
816 3147 826 3180 ,
853 3094 1000 3172 fisetvus
1012 3097 1224 3174 hereditarius
1237 3100 1393 3172 nondum
1405 3099 1490 3174 adita
1501 3098 1678 3174 hereditate
1690 3102 1772 3196 quid
1785 3101 1952 3195 stipuletur
1968 3157 1978 3187 ,
1996 3113 2030 3174 &
2046 3103 2119 3176 fide·

376 3205 381 3216 '
406 3213 413 3276 “,
527 3194 663 3292 juliores
677 3203 710 3270 in
723 3197 950 3270 diemcertum
961 3199 1142 3294 acceperit:
1168 3205 1295 3271 Utrum
1316 3198 1383 3272 dies
1398 3194 1613 3272 satisdationit
1627 3201 1870 3295 computandus
1899 3200 1937 3271 stt
1954 3213 1992 3272 eir
2010 3201 2121 3278 diet'nt

507 3311 513 3318 ‘
530 3294 689 3391 terpoticae
701 3295 913 3392 stipulationis
927 3291 982 3366 seu
995 3291 1209 3369 satisdationis
1226 3353 1238 3382 ‚
1265 3325 1306 3370 an
1322 3325 1401 3370 vero
1413 3325 1432 3369 a
1444 3297 1600 3370 dieaditae
1613 3299 1722 3394 postea
1735 3296 1775 3368 ab
1790 3298 1906 3372 buede
1920 3299 2120 3374 hereditatis:
2254 3295 2255 3314 ¹

408 3403 415 3411 '
514 3391 570 3462 'de
587 3419 656 3488 quo
671 3395 749 3467 nihil
765 3391 966 3492 expressum:
993 3399 1029 3465 δε
1054 3393 1097 3466 stc
1120 3395 1161 3466 ad
1185 3423 1256 3469 eam
1271 3391 1402 3468 obscuri
1426 3393 1563 3491 speciem
1587 3399 1749 3492 pertinet,
1776 3423 1846 3491 quo
1874 3405 1909 3468 δε
1932 3405 1989 3468 lex
2017 3412 2121 3494 34&

532 3517 610 3581 114.
620 3493 741 3593 stupra.
768 3499 801 3566 Si
815 3493 902 3566 dicas
913 3495 1077 3564 continuo
1090 3520 1108 3562 a
1120 3493 1171 3564 die
1188 3493 1398 3590 stipulationis
1412 3493 1498 3566 diem
1509 3491 1641 3580 cedere,
1658 3496 1766 3598 Capria
1783 3496 1838 3584 (id
1852 3495 1916 3582 est,
1932 3497 2116 3592 alatrinum)

522 3595 588 3660 erit
605 3593 723 3662 adoris
741 3587 793 3661 seu
805 3593 949 3662 heredis:
976 3595 1067 3662 Nam
1087 3594 1132 3662 ita
1145 3615 1274 3688 ternpus
1299 3593 1392 3664 cedet
1403 3615 1581 3690 antequam
1605 3596 1631 3665 is
1644 3619 1738 3694 agere
1761 3593 1886 3690 poffit,
1913 3621 1991 3666 cnm
2016 3593 2121 3670 seruus

450 3733 453 3740 ·
526 3687 839 3788 agerenonpossrt.
866 3689 999 3762 Sidicas
1012 3717 1052 3760 ex
1068 3689 1119 3760 die
1144 3689 1236 3762 adite
1258 3690 1464 3772 hereditatis,
1489 3695 1550 3764 etit
1576 3696 1686 3786 captio
1714 3691 1849 3782 (idest,
1876 3693 2056 3788 damnum)
2083 3693 2124 3768 fi-

523 3785 689 3880 dejullbris
704 3819 715 3860 .·
742 3791 831 3860 Natu
851 3789 891 3862 stc
902 3792 938 3860 in
954 3789 1086 3888 longius
1102 3812 1235 3886 tempus·
1246 3789 1409 3862 tenebitur
1425 3815 1527 3887 quam
1543 3795 1577 3864 in
1593 3789 1731 3886 idquod
1745 3791 1918 3886 promisit,
1942 3819 2023 3866 cum
2046 3793 2120 3868 aliu

436 3973 440 3978 Ι
523 3904 639 3958 natura
653 3887 866 3983 stipulationis
879 3889 946 3961 haec
965 3887 1027 3972 stt,
1055 3910 1092 3961 ut
1105 3893 1267 3962 continuo
1282 3893 1350 3961 vim
1368 3885 1457 3960 suam
1484 3892 1645 3986 accipiat,
1671 3896 1692 3964 l.
1715 3917 1742 3964 1.
1756 3895 1831 3972 &L
1855 3919 1934 3984 ¹37·
1961 3893 1995 3962 in
2015 3893 2121 3995 princ.

344 4067 349 4074 ⁶
519 3983 559 4050 de
575 3993 613 4051 V.
629 3993 674 4055 0.
694 3997 805 4070 Quare
817 4015 897 4061 cum
913 3991 1069 4082 utrinque
1083 3991 1264 4084 iniquitatis
1282 3985 1399 4083 species
1428 4011 1594 4069 vertatur,
1620 3987 1699 4060 illud
1725 3985 1799 4060 satie
1812 3993 1993 4062 minimum
2023 3991 2120 4062 habet
2253 4005 2255 4092 l

436 4121 442 4134 ·
520 4080 729 4175 iniquitatis,
756 4084 927 4152 istudvero
942 4087 1170 4182 iniquefflmum
1184 4143 1197 4171 ,
1212 4111 1249 4160 ut
1266 4082 1386 4160 diserte
1409 4086 1611 4159 diciturne.
1625 4118 1660 4176 4.
1687 4087 1871 4183 Alioquin,
1897 4090 2028 4181 inquit,
2056 4089 2122 4164 erit
2254 4093 2255 4128 ³

470 4183 473 4202 '
515 4177 747 4274 iniquissimum
760 4179 987 4252 excaudiriuue
1000 4189 1139 4251 allorum
1151 4186 1349 4280 obligationes
1364 4213 1486 4255 reorum
1500 4181 1626 4256 extendi
1637 4211 1694 4285 per
1706 4212 1781 4282 qam
1801 4184 1885 4254 nihil
1906 4189 2036 4275 sallum
2050 4189 2121 4260 erit

509 4276 581 4376 prta
604 4278 710 4348 minus
734 4305 808 4348 cum
836 4276 885 4348 his
901 4275 957 4375 agi
965 4280 1068 4379 poffit.
1097 4283 1201 4376 Igitur
1216 4283 1377 4352 continuo
1393 4281 1460 4353 dies
1477 4279 1688 4355 satisdationis
1708 4285 1849 4376 incipere
1867 4281 1987 4362 debet,
2014 4285 2122 4384 idque
2251 4305 2255 4374 l

331 4411 335 4421 ·
423 4399 425 4402 ·
470 4405 490 4458 '.
508 4375 745 4462 dtrtuebimut,
771 4383 898 4449 Utrum
913 4375 1098 4470 experiundi
1115 4379 1251 4472 potestas
1268 4377 1365 4450 fuerit
1379 4377 1529 4452 aduersus
1543 4381 1702 4475 eum-qui
1715 4377 1876 4480 obligatus
1892 4382 1960 4464 est,
1987 4409 2057 4454 non
2078 4411 2121 4458 an

471 4551 474 4562 ,
506 4476 644 4572 ,iungere
657 4480 828 4570 potuerit,
852 4479 914 4570 'qui
931 4501 997 4544 rem
1009 4478 1043 4544 in
1060 4473 1294 4575 obligationem
1307 4479 1463 4555 deduxit.
1489 4483 1627 4575 Opponi
1641 4503 1750 4550 autem
1766 4479 1867 4579 vulgo
1888 4479 1993 4579 allegi
2011 4510 2044 4571 4.
2060 4477 2121 4555 so·
2247 4441 2255 4576 l

402 4617 404 4624 ,
458 4626 476 4669 ‘.
507 4571 587 4642 -letd
602 4573 902 4675 '25.D.dessipulat.
912 4576 1033 4664 servor,
1052 4567 1144 4667 super
1161 4584 1254 4664 cujus
1273 4579 1503 4649 conciliatione
1517 4579 1657 4650 videnda
1672 4573 1827 4672 suntque
1842 4579 2123 4672 moliunturGo-

510 4677 693 4766 veanuau.
711 4673 838 4742 Variae.
861 4701 915 4764 3¹·
932 4673 1086 4760 Curiatius
1101 4671 1153 4742 hic
1168 4679 1201 4744 δε
1219 4681 1273 4745 ra.
1291 4676 1365 4764 Obfi
1386 4681 1439 4766 38.
1459 4683 1644 4749 Hotoman.
1661 4706 1691 4768 3.
1716 4677 1791 4768 Olts
1796 4705 1850 4766 19.
1866 4683 1991 4774 Anton.
2009 4677 2121 4752 faber

510 4761 698 4874 4'Cptijeti.
713 4800 744 4866 5.
763 4773 845 4844 Sane
861 4773 966 4870 legem
981 4771 1069 4846 illam
1085 4769 1135 4844 vel
1151 4769 1456 4878 levitetinspicieuti
1471 4775 1619 4871 proclive
1648 4777 1738 4848 dictu
1754 4777 1798 4846 est
1813 4831 1824 4864 ,
1850 4775 1950 4852 Caffu'
1978 4771 2115 4867 senteri-

509 4913 514 4922 ·
830 4893 834 4899 ·
1891 4893 1894 4898 ·
2004 4889 2108 4962 tnui,
