4724 5930
418 673 476 738 50.
588 627 603 658 '
698 631 1685 730 ³·Jrconrootrtorttt··ors
1778 660 1782 664 ²

415 755 493 816 meh
508 739 615 836 uisum
630 773 638 818 ε
664 745 706 852 tle
719 770 761 816 eo
775 749 863 816 enim
875 745 991 816 Editio
1007 743 1170 839 Ulpianus
1185 767 1255 814 ιιοιι
1269 746 1336 842 egit
1349 741 1434 816 libro
1445 746 1557 839 primo
1571 745 1613 818 ad
1625 744 1778 820 Edidittm
1793 793 1803 832 ‚
1827 771 1945 822 vetum
1959 765 2022 822 tet·
2063 764 2068 771 '

418 850 467 918 tio
484 885 494 924 t
511 870 561 952 'ut
573 848 672 920 docet
685 851 736 916 lex
756 870 791 924 t.
803 855 846 926 όν-
857 873 886 936 3.
906 845 938 913 d.
951 845 1051 930 lajas
1065 839 1154 936 tityi.
1984 877 1986 880 -

467 947 552 1019 lllnd
566 939 721 1018 insulsum
737 935 872 1040 ‚niori
885 939 1021 1035 qnidam
1038 935 1183 1012 scribunt
1202 987 1211 1022 ‚
1240 935 1401 1040 Repulam
1423 967 1464 1013 eo
1482 945 1668 1038 pertinere,
1693 944 1789 1040 quod
1805 971 1905 1019 nemo
1923 942 2022 1046 pollit

280 1065 286 1075 '
419 1045 600 1146 confugere
610 1043 649 1114 ad
667 1037 866 1136 superiorem
882 1047 902 1118 J
907 1039 1034 1116 adicem
1049 1044 1262 1134 &conqueri
1279 1039 1336 1112 nbi
1353 1039 1506 1133 justitiam
1532 1042 1723 1142 denegatam
1740 1101 1750 1130 ,
1776 1045 1835 1118 nisa
1848 1047 1954 1117 aditus
1968 1049 2023 1118 itt·

418 1145 519 1219 ferior
539 1143 633 1238 jutlex
647 1149 837 1234 compctens
855 1141 976 1212 luerit:
993 1166 1070 1209 nam
1086 1139 1144 1233 qui
1158 1139 1234 1210 date
1249 1167 1319 1212 non
1333 1141 1459 1234 potest,
1475 1167 1545 1212 non
1558 1144 1665 1240 potest
1675 1141 1740 1216 clici
1754 1144 1837 1216 dene
1880 1141 1920 1216 ffe
1936 1173 1943 1215 :
1961 1150 2021 1216 At-

419 1249 487 1342 qne
498 1271 533 1313 ea
546 1265 685 1337 quoque
698 1237 893 1324 occanere,
922 1237 943 1310 st
959 1244 1030 1310 Deo
1043 1237 1171 1334 placet,
1198 1237 1239 1310 de
1255 1235 1456 1334 Reptellaliis
1484 1239 1537 1312 ltic
1562 1267 1667 1341 agunt
1691 1173 2022 1340 intempelivillrme,

421 1367 494 1442 qua
509 1340 554 1412 ob
569 1339 651 1410 dene
674 1361 761 1410 atam
776 1339 927 1430 justitiam
942 1342 1158 1432 impetrantur
1173 1391 1181 1410 .
1206 1337 1270 1410 Sed
1286 1363 1393 1434 neque
1410 1337 1507 1430 hujus
1534 1339 1601 1412 loci
1615 1342 1677 1426 est,
1692 1341 1786 1438 quod
1807 1341 1928 1438 prolixe
1941 1343 2023 1416 alio-

421 1444 503 1539 quin
519 1359 673 1512 nonnuli
686 1437 738 1509 liic
754 1441 914 1516 tractant,
929 1431 1125 1533 quibusnam
1140 1433 1265 1508 cafibus
1280 1441 1405 1510 Praetor
1417 1437 1482 1510 den
1544 1465 1577 1510 re
1591 1441 1756 1512 astionem
1770 1436 1870 1514 soleat
1884 1446 2023 1536 petenti:

421 1539 505 1614 lllud
520 1543 608 1610 enim
622 1537 778 1610 hastenus
791 1539 850 1610 hac
865 1542 950 1637 Reg.
965 1535 1165 1612 inculcatur,
1193 1541 1300 1612 Eius
1325 1531 1385 1607 else
1394 1589 1405 1620 ‚
1431 1464 1543 1614 idetffi
1568 1538 1740 1612 abeodem
1754 1538 1889 1623 officio,
1904 1539 1944 1611 ab
1968 1565 2022 1612 ea·

420 1641 496 1712 dem
509 1633 756 1730 jurisdictione,
772 1635 975 1732 providentia
990 1641 1027 1706 &
1038 1635 1195 1729 potestate
1213 1631 1372 1730 proficisci
1398 1631 1451 1708 seu
1470 1651 1692 1730 promanasse,
1719 1638 1826 1712 eidem
1852 1663 2023 1733 compete-

425 1767 458 1812 re
475 1767 488 1814 t.
510 1735 681 1824 formula,
706 1743 811 1817 EJUS
826 1741 927 1821 EST,
951 1729 1183 1830 potestatisseu
1200 1733 1362 1808 facultatis
1374 1735 1470 1808 indes
1484 1735 1529 1808 cll
1538 1788 1550 1821 ‚
1566 1759 1602 1808 ut
1616 1739 1682 1812 inl.
1695 1737 1745 1811 ita
1759 1741 1874 1823 ool.
1892 1765 1925 1836 5.
1932 1743 2023 1842 supr.

428 1844 502 1926 (pl.
524 1851 604 1940 ¹⁶³·
620 1839 701 1938 infr.
727 1869 731 1876 ·

1019 2001 1076 2110 'oe
1100 2037 1271 2112 nonus
1295 2038 1422 2108 inni

642 2239 647 2274 -·
751 2185 756 2191 ’
824 2231 919 2308 cnr.
947 2237 1131 2308 murus
1153 2179 1234 2309 ins
1254 2232 1359 2342 prta.
1384 2235 1430 2306 «ι
1453 2231 1624 2308 mnam.

891 2437 998 2507 Nm
1024 2433 1063 2506 dr
1086 2433 1178 2506 λοιπε
1194 2433 1260 2566 sapa
1283 2431 1412 2508 extmhi
1437 2430 1550 2506 delet.

521 2637 547 2706 E
562 2631 670 2702 domus
684 2621 747 2702 susc
760 2625 861 2702 tutela
878 2673 889 2708 s
913 2631 949 2702 δι
959 2626 1131 2732 privilegio
1145 2629 1191 2704 est
1204 2629 1271 2706 lraec
1290 2637 1323 2709 tt
1366 2684 1376 2705 .
1403 2627 1509 2721 Quod
1522 2627 1672 2703 videlicet
1685 2627 1845 2704 dedomo
1860 2625 1914 2703 fua
1928 2644 2031 2704 extra&

547 2733 578 2801 hi
596 2753 695 2800 nemo
710 2727 825 2804 debeat
834 2755 848 2800 ·.·
874 2728 927 2800 Ad
942 2755 1045 2825 quam
1059 2730 1195 2825 quidem
1211 2730 1315 2832 legem
1356 2731 1495 2828 uplicem
1524 2725 1679 2814 sensum,
1707 2741 1746 2800 ur
1758 2735 1799 2800 ad
1816 2731 1891 2802 alias
1912 2732 2033 2804 multas

305 2833 309 2842 ’
422 2833 511 2930 leges
525 2819 643 2900 ad'ferri
658 2823 793 2922 oportet
807 2852 815 2900 ι
842 2853 975 2910 unum,
1000 2827 1058 2924 qui
1071 2830 1115 2902 est
1127 2829 1343 2914 Tribonisni,
1360 2831 1524 2913 alterum,
1551 2833 1610 2924 qai
1626 2827 1688 2900 firit
1716 2829 1805 2902 Pauli
1819 2830 1936 2924 ipliuss
1962 2831 2032 2900 sci·

425 2933 497 3006 licet
512 2925 736 2999 Tribonianus
749 2925 790 2998 ad
805 2923 961 3000 Edillutu
976 2927 1122 3027 generale
1134 2931 1173 3000 de
1186 2932 1286 3020 injus
1300 2934 1442 3004 vocando
1455 2930 1551 3002 banc·
1565 2933 1648 3028 Reg.
1679 2930 1821 3014 traduxit
1836 2981 1847 3012 ‚
1873 2935 1909 2998 &c
1928 2950 2035 2998 trans-

425 3027 556 3102 fuditin
570 3025 592 3096 l.
601 3025 660 3113 sed
674 3027 726 3120 etfi
740 3047 797 3099 ar.
815 3036 861 3100 D.
878 3029 917 3100 de
937 3027 1039 3118 injus
1052 3054 1124 3102 voc.
1142 3031 1154 3116 (
1170 3029 1257 3100 unde
1271 3029 1338 3102 haec
1352 3030 1463 3103 nostra
1477 3023 1648 3122 desumpta
1662 3028 1734 3118 cll)
1762 3031 1797 3100 ἃ
1816 3029 1950 3123 quidem
1966 3025 2033 3097 laos

424 3120 538 3208 senso,
564 3122 622 3196 ersi
637 3124 800 3198 dedomo
815 3119 919 3198 soa-in
934 3132 985 3219 jus
999 3131 1110 3201 vocari
1121 3128 1196 3224 quis
1210 3125 1328 3222 possit,
1353 3151 1497 3208 attamen
1514 3125 1715 3198 extrahisrve
1733 3129 1809 3197 eluci
1835 3126 1912 3197 inde
1926 3126 2034 3196 tremi·

423 3249 501 3299 nem
515 3217 626 3318 posset
652 3249 729 3296 cum
746 3225 877 3296 aliunde
893 3230 969 3322 quis
983 3225 1062 3300 duci
1074 3232 1173 3301 etiam
1188 3228 1328 3299 obtorto
1343 3227 1431 3300 collo
1446 3223 1549 3322 pollet
1566 3281 1574 3300 .
1604 3225 1709 3314 Quod
1723 3228 1822 3296 etiarn
1844 3227 1964 3298 Cicero
1978 3231 2030 3296 O·

426 3319 600 3396 rationein
619 3321 788 3394 Vatinium
806 3331 899 3396 Orat.
913 3347 973 3422 pre
999 3325 1182 3415 domna,
1211 3331 1246 3396 δι
1270 3326 1411 3413 Quintil.
1429 3327 1484 3398 tib.
1505 3353 1540 3412 7.
1563 3351 1633 3430 cap.
1650 3351 1686 3413 9.
1712 3319 1878 3396 scribunt:
1905 3327 2036 3417 Nempe

425 3425 503 3520 quia
519 3417 641 3504 domus
656 3419 853 3492 tutissimum
871 3427 990 3516 cuique
1005 3421 1074 3494 refu
1100 3419 1473 3516 iunstroeeptaculun
1499 3449 1610 3510 epevnn
1628 3423 1803 3525 prastdium
1820 3421 1858 3493 stt
1874 3472 1883 3502 ,
1898 3427 1921 3493 l.
1937 3423 2035 3524 pleri·

426 3547 487 3619 que
508 3520 562 3592 18.
580 3528 627 3592 D.
645 3518 682 3589 de
697 3516 733 3590 in
745 3523 878 3606 jusvoct
907 3526 942 3592 &
959 3521 1048 3614 quan
1066 3447 1173 3592 liram
1192 3527 1341 3592 Deorum
1359 3521 1665 3616 penatiumtutela.
1693 3524 1846 3617 Denique
1875 3527 1972 3616 (qua
1984 3545 2037 3592 ta·

426 3625 476 3691 tio
489 3641 526 3690 ex
541 3619 644 3689 veteri
655 3623 725 3710 jure
739 3615 914 3691 Pontificio
927 3622 992 3694 huc
1005 3616 1194 3694 arcclcenda
1205 3619 1249 3690 eil
1262 3629 1278 3715 l
1294 3624 1372 3715 quia
1387 3615 1554 3692 sanctiate
1570 3625 1605 3690 δι
1632 3620 1787 3720 religione
1802 3622 1944 3717 quadarn
1960 3645 2037 3691 mu·

425 3723 501 3792 nitae
534 3715 657 3794 donus
670 3711 909 3790 credebantur.
937 3727 1018 3806 Quo
1034 3718 1284 3812 pertinetlocus
1298 3719 1532 3814 Xenophontis
1547 3719 1602 3791 lib.
1635 3747 1668 3806 7.
1689 3727 1780 3790 nol.
1809 3717 1960 3790 &Tullii
1980 3741 2038 3818 pre

422 3821 517 3890 ‘dame
526 3815 589 3906 sata
605 3863 614 3888 .
648 3817 713 3888 Hic
730 3811 848 3890 scilicet
870 3869 882 3902 ,
902 3819 998 3916 quod
1011 3817 1139 3892 Tullius
1152 3819 1251 3900 dicit,
1276 3843 1337 3892 arae
1352 3841 1466 3904 erant,
1493 3819 1546 3894 ltic
1565 3821 1622 3890 Dii
1634 3841 1787 3914 penates,
1800 3818 1854 3890 hic
1864 3812 1957 3887 sactae
1970 3821 2038 3886 tte·

421 3914 558 4014 ligionis
571 3915 759 3988 cerimoniae
780 3969 789 3989 .
1621 3929 1622 3934 ’

479 4018 615 4109 Proprie
629 4037 737 4087 tamen
754 4015 822 4090 haec
838 4017 924 4116 Reg.
941 4039 978 4090 ut
990 4041 1062 4088 eam
1075 4016 1192 4091 Paulus
1206 4017 1352 4114 primum
1370 4037 1588 4115 conceperat,
1615 4009 1777 4112 spiritabat
1792 4013 1833 4104 ad
1848 4015 2037 4087 cautionem

429 4117 463 4186 δι
479 4111 770 4219 denunciationem
784 4139 857 4212 quae
873 4118 914 4188 ad
927 4117 1071 4188 domum
1088 4115 1182 4188 fiebat
1199 4145 1238 4197 ex
1252 4114 1345 4190 causa
1361 4117 1472 4191 damin
1499 4117 1610 4190 infesti
1627 4141 1636 4186 r
1663 4139 1700 4184 ut
1711 4137 1844 4209 apparet
1857 4139 1894 4186 ex
1909 4119 1933 4187 l.
1948 4141 1981 4207 5.
1995 4125 2036 4196 &-

434 4217 489 4286 18.
505 4211 616 4307 infin.
635 4221 680 4286 D.
694 4217 733 4286 de
745 4214 854 4290 damn.
885 4217 947 4308 inf.
965 4219 1065 4311 (qua
1079 4241 1117 4288 ex
1141 4218 1259 4290 codem
1270 4217 1380 4288 'l’auli¹
1394 4216 1481 4288 libro
1501 4211 1680 4308 desumpta
1697 4211 1774 4284 lauit
1796 4207 2038 4313 crnjungentlae

430 4309 530 4406 sunt)
548 4341 556 4384 ι
584 4311 749 4408 Nempesr
773 4318 923 4396 vicinus,
951 4322 1045 4405 cujus
1070 4315 1151 4390 ades
1177 4321 1307 4388 ruinam
1330 4311 1560 4399 minabantur,
1587 4315 1700 4384 uicino
1722 4317 1852 4386 ruinam
1879 4313 2040 4385 metuenti
2127 4348 2144 4370 a

431 4437 502 4484 non
520 4433 646 4484 caveret
658 4411 771 4484 damni
781 4413 894 4493 infesti
912 4420 1064 4494 nomine,
1092 4419 1214 4488 Ptaetor
1226 4419 1258 4486 in
1274 4409 1500 4506 poss'effionem
1516 4415 1699 4488 vicinarum
1713 4413 1856 4498 aediums
1880 4414 1970 4486 uude
1984 4407 2038 4483 seu

433 4533 576 4610 quarum
594 4515 728 4583 nomine
743 4537 814 4584 non·
825 4513 1026 4592 cavebatur,
1051 4513 1219 4586 mittebat:
1244 4514 1412 4582 dummodo
1421 4513 1513 4614 prius
1541 4512 1644 4612 tiqui
1668 4513 1774 4606 abeffet
1787 4559 1804 4602 ,·
1823 4515 1950 4584 domum
1967 4565 1978 4596 ,
2004 4509 2051 4582 in'

432 4635 498 4709 qua
512 4609 599 4712 degit
614 4665 625 4696 ,
650 4612 872 4692 numeratur.
898 4614 1003 4704 Quod
1018 4639 1055 4686 ex
1072 4615 1190 4686 Edicto
1204 4605 1275 4706 ipso
1287 4611 1451 4706 Ulpianus
1465 4609 1524 4685 lib.
1546 4611 1795 4686 narrantum
1813 4613 1910 4686 refert
1922 4615 1958 4682 in
1973 4618 1993 4682 l.
2004 4639 2039 4701 4.

438 4719 484 4784 D.
497 4714 534 4784 de
546 4716 654 4786 damni
665 4711 727 4805 inf.
740 4708 794 4786 sed
803 4717 839 4786 &
850 4715 965 4790 Paulus
980 4714 1010 4786 d.
1019 4720 1042 4784 l.
1063 4737 1099 4800 ς,
1115 4714 1334 4784 Denunciatio
1350 4709 1469 4786 scilicet
1484 4715 1574 4807 ptius
1587 4711 1731 4810 faciunda
1744 4737 1812 4784 etat
1826 4713 1867 4784 ad
1881 4709 2037 4790 domum,

436 4833 539 4905 quam
552 4837 589 4884 ex
606 4806 699 4894 causa
714 4811 827 4886 damni
839 4809 950 4884 inferii
965 4816 1092 4892 vicinus
1106 4813 1140 4882 in
1157 4809 1277 4907 cilium
1289 4806 1519 4904 poll'el'sionrm
1537 4816 1739 4888 mitteretur.
1766 4823 1853 4902 Qua
1866 4811 2044 4906 &nuntia-

437 4911 698 4988 turstanum
716 4917 749 4984 &
764 4915 803 4988 in
815 4913 884 4994 aliis
898 4907 1152 5016 quoquecaufis
1165 4910 1250 4986 olim
1264 4907 1444 5027 ulium,
1469 4932 1507 4984 ut
1532 4914 1672 4988 ostendit
1694 4919 1718 4988 l.
1753 4939 1783 4986 r.
1801 4910 1843 4992 vi.
1878 4933 1908 4983 ι.
1933 4915 1980 4981 D.
2007 4905 2046 4976 da

1902 5007 2046 5109 ..agnosa
