4632 5916
465 567 1276 664 urronou.rossrss.x1v.cott.e
1304 571 1674 666 nmtmrssscntsr.
1729 578 1732 586 ¹
1764 573 1771 584 ·
1802 595 1869 662 ιμ

261 671 352 750 bnis
364 667 561 750 debirarum,
580 689 618 740 ut
633 663 755 740 docent
766 663 832 738 alin
845 665 952 764 leges,
976 693 1051 764 quae
1064 665 1143 740 huic
1159 665 1335 742 coassandae
1344 673 1487 742 veniunt
1497 695 1535 740 ex
1546 670 1665 742 eodem
1680 667 1768 744 Celsi
1780 665 1870 744 libro

267 799 327 864 ²4·
343 769 574 868 Digestorum.
600 787 680 862 puta
691 767 752 860 lest
761 763 916 837 hominm
927 775 954 838 ·6
958 793 993 858 9.
1003 779 1047 844 D.
1056 770 1099 842 dt
1105 765 1257 858 filatim.
1268 773 1363 866 (qua
1375 771 1472 842 edam
1485 769 1604 839 citatur
1617 773 1678 860 l.4.
1693 773 1723 845 '§.
1744 772 1803 842 ult.
1819 779 1867 843 D.

260 873 303 946 de
315 900 351 942 re
353 865 464 961 judic.
479 875 491 959 )
509 865 564 938 ubi
574 868 695 961 pariter
706 867 742 936 in
758 859 802 960 sp.
816 863 901 937 illius
914 864 1068 942 desinitur
1082 867 1309 983 nonexpesinri
1337 893 1372 940 ut
1392 863 1533 940 creditor
1549 866 1705 952 evincet,
1733 875 1768 940 δι
1789 873 1812 940 s.
1836 895 1867 962 ς.

265 977 312 1046 D.
327 972 479 1040 derum.
491 963 671 1038 baudana.
690 966 729 1036 Et
744 967 868 1036 veroin
885 993 919 1038 re
932 966 1097 1042 evincibili
1111 961 1229 1063 species
1242 969 1287 1039 ite
1302 964 1480 1066 figuretur,
1506 991 1547 1038 ex
1556 967 1593 1038 d.
1604 971 1651 1039 s.6
1656 994 1689 1054 9.
1701 991 1775 1062 que
1788 967 1867 1040 huic

262 1067 327 1168 legi
344 1117 354 1146 ,
378 1069 430 1136 uti
445 1063 509 1136 dixi
525 1114 537 1143 ‚,
559 1057 731 1138 coassando
743 1063 806 1133 cll:
832 1087 972 1161 quaeque
986 1071 1086 1154 etiarn
1102 1066 1151 1136 uti
1166 1065 1230 1136 dixi
1243 1065 1400 1164 allegatur
1412 1059 1453 1135 ab
1468 1064 1638 1160 Ulpiani.
1652 1096 1686 1156 4.
1698 1069 1727 1141 §-
1742 1071 1802 1137 ust.
1814 1075 1860 1138 D.

259 1161 525 1255 derejudintui
537 1167 576 1234 dc
591 1155 755 1236 consentit
770 1161 819 1234 lert
835 1189 891 1236 zo.
905 1165 971 1240 eod.
985 1163 1039 1240 rit.
1054 1175 1100 1238 D.
1111 1163 1310 1256 desolation.
1325 1169 1360 1234 u
1373 1161 1504 1253 le19.§.
1529 1193 1567 1254 4.
1590 1171 1638 1236 D.
1658 1163 1800 1238 dedolo.
1816 1171 1871 1238 Tu

260 1260 395 1336 servom
406 1283 506 1334 tunm
523 1263 656 1360 pignori
666 1256 735 1332 obli
778 1257 840 1342 sti.
865 1290 944 1338 mox
957 1270 1025 1358 ejus
1042 1259 1125 1336 servi
1140 1266 1288 1336 nomine·
1300 1261 1407 1335 noxali
1415 1259 1542 1356 ¹judicio
1556 1283 1764 1347 conventus,
1789 1289 1870 1337 eum

257 1363 316 1436 dn
330 1385 422 1432 noxae
436 1358 549 1432 dedisti
567 1366 621 1432 :it
633 1407 646 1452 ,1
660 1361 715 1430 cui
740 1383 837 1438 ervus
851 1364 896 1436 ita
909 1390 1000 1439 noxae
1007 1362 1138 1438 deditus
1154 1416 1166 1448 ,
1191 1357 1340 1458 jussuque
1354 1364 1504 1434 Pretoris
1518 1361 1636 1432 dusius
1646 1359 1713 1444 est,
1735 1359 1866 1456 liquido

260 1459 413 1566 comperit
440 1457 532 1532 hunc
548 1452 678 1530 servum
692 1479 785 1530 antea
799 1453 890 1535 suisli
902 1464 1035 1562 pignori
1050 1457 1234 1561 obligatum
1248 1464 1341 1534 Titio
1365 1471 1381 1532 ἓ
1407 1463 1489 1532 Sene
1516 1462 1543 1530 is
1559 1461 1665 1530 statim
1676 1463 1802 1554 poterit
1817 1481 1866 1530 te-

215 1573 220 1582 ·
257 1583 341 1634 eum
350 1583 462 1659 agere:
487 1581 596 1653 neque
612 1554 850 1652 expeuandum
864 1559 911 1634 est
925 1585 962 1634 nr
974 1561 1111 1636 &ecstor
1121 1560 1267 1633 evincat:
1284 1581 1320 1630 ut
1335 1555 1382 1630 riri
1397 1557 1536 1630 dieitur:
1552 1553 1623 1628 satis
1637 1552 1701 1629 seis:
1717 1556 1869 1656 estquod

256 1661 370 1732 evinci
384 1653 507 1752 pollit.
531 1654 574 1730 ld
586 1652 961 1752 praesentidieinbonis
976 1677 1054 1734 non·
1067 1659 1138 1744 est,
1158 1656 1259 1755 'quod
1277 1681 1345 1754 pro
1386 1654 1473 1730 diem
1495 1659 1690 1740 evincetur,
1715 1649 1770 1728 seu
1797 1661 1867 1729 evi-

262 1759 357 1829 stum
374 1757 413 1828 iri
427 1777 554 1828 certum
569 1753 641 1828 eli.-
663 1755 896 1832 Nilidominus
909 1781 1020 1834 tamen
1034 1806 1044 1840 ,
1060 1756 1174 1832 eadem
1188 1752 1316 1854 semper
1333 1685 1435 1852 silicie
1453 1771 1598 1830 retenta,
1625 1749 1705 1825 ntlril
1731 1777 1870 1828 mutan·

206 1875 209 1882 '
261 1853 345 1930 dum
359 1849 562 1932 censooinb.
572 1853 650 1928 ss
720 1901 732 1933 ι
752 1859 922 1933 Dominus
937 1853 1091 1944 servum,
1117 1881 1219 1955 quern
1234 1857 1316 1929 olim
1333 1859 1365 1952 pi
1390 1857 1465 1928 nori
1478 1853 1630 1936 dederat,
1645 1851 1752 1924 noxali
1764 1845 1870 1924 adlin-

263 1979 308 2028 nc
323 1975 509 2028 conventus
520 1975 640 2033 5110!oe
679 1954 773 2052 edita,
784 1955 949 2038 creditor,
969 1960 1023 2031 tui
1037 1959 1170 2058 pignori
1188 1954 1356 2070 obligatus·
1367 1882 1475 2025 servus
1489 1951 1593 2023 suerat
1610 1997 1620 2032 ,
1639 1975 1720 2022 eum
1735 1949 1869 2024 servum

261 2051 380 2131 obeo,
405 2054 465 2146 qni
474 2076 566 2124 notar
576 2049 710 2126 duxerat
728 2103 736 2132 ,
758 2059 880 2136 evicit,
902 2079 1039 2142 cotnra,
1060 2058 1091 2128 is
1107 2054 1282 2126 dominum
1297 2077 1357 2149 qur
1372 2077 1464 2125 noxae
1476 2050 1606 2122 dederat
1620 2049 1791 2122 evidtionis
1800 2075 1872 2121 no·
2025 2145 2027 2150 Ι
2051 2124 2053 2130 ,
2076 2059 2119 2156 1³3
2141 2147 2143 2154 Ι
2175 2099 2195 2151 3
2250 2103 2273 2137 ‚·

260 2156 353 2224 mine
364 2154 524 2224 convenit
539 2181 551 2222 .·
577 2155 748 2225 Dominus
762 2153 983 2250 praetendebat
997 2149 1062 2230 sese
1078 2149 1175 2226 semel
1188 2149 1320 2244 servum
1334 2177 1425 2224 noxae
1437 2145 1557 2222 dedisse
1572 2168 1694 2244 ,atque
1707 2147 1753 2220 ita
1768 2146 1870 2218 sacul-

259 2271 364 2322 tatem
379 2253 482 2338 aiore
497 2247 678 2324 sibidatam
697 2246 803 2324 semel·
817 2275 1011 2338 executum,
1037 2246 1178 2349 satisque
1189 2247 1257 2324 ess:
1272 2245 1403 2323 servum
1431 2244 1526 2320 semel
1550 2247 1688 2318 dudum
1706 2263 1717 2314 ι
1744 2253 1872 2318 Verum

259 2346 321 2423 lut
340 2351 425 2446 Reg.
443 2345 622 2431 definitur,
649 2353 683 2422 in
697 2349 972 2424 nortaededitione
986 2355 1130 2448 requiri,
1149 2373 1192 2422 ut
1206 2372 1256 2422 res
1268 2345 1413 2422 inbonis
1435 2353 1528 2440 ejus,
1554 2345 1613 2440 qui
1626 2344 1746 2421 duxit,
1771 2339 1870 2414 duret

261 2469 488 2540 maneatque:
513 2444 574 2531 id,
597 2450 765 2542 inquam,
780 2453 815 2520 in
834 2441 925 2520 noxe
944 2451 1114 2520 *deditione
1128 2451 1335 2542 requiritur,
1360 2468 1438 2516 nam
1454 2450 1489 2514 δι
1504 2441 1613 2513 dedere
1620 2439 1688 2524 est,
1715 2443 1760 2512 ita
1792 2437 1870 2514 dare
2007 2495 2030 2510 ..

211 2592 222 2611 .
260 2567 299 2616 ut
313 2547 455 2628 omnino
467 2543 704 2616 dctusmaneat
716 2544 914 2618 &inbonis
925 2545 1021 2618 duret
1033 2599 1042 2618 .
1070 2553 1151 2634 Quo
1165 2547 1308 2616 omnino
1319 2547 1464 2640 ‘pertinet
1476 2539 1570 2637 quod
1584 2538 1700 2612 Paulus
1711 2541 1756 2609 ait
1770 2544 1793 2610 s.
1805 2547 1861 2612 26.

250 2641 425 2738 infin.·D.
439 2640 480 2712 de
489 2648 602 2716 coxas.
615 2648 676 2715 eu.
693 2667 751 2738 per
762 2669 853 2716 noxae
865 2641 1069 2718 deditionem
1083 2643 1272 2716 dominium
1286 2641 1436 2736 adquiri,
1454 2638 1544 2730 jnffla
1557 2637 1642 2709 enim
1652 2635 1788 2738 pernis
1801 2638 1865 2707 du·

258 2746 327 2812 sius
341 2794 352 2825 ,
376 2744 509 2834 inquit,
536 2747 599 2815 IN
607 2749 758 2816 BONIS
759 2746 802 2839 fit
815 2745 882 2832 ejus
895 2792 905 2821 ,
930 2740 989 2838 qni
1003 2741 1123 2813 duxit?
1142 2749 1227 2812 ltcm
1242 2739 1337 2836 quod
1351 2738 1439 2810 idem
1451 2736 1531 2808 dicit
1542 2735 1579 2806 in
1593 2739 1645 2806 sn.
1661 2739 1684 2806 s.
1703 2759 1735 2804 2.
1743 2733 1866 2848 Jicprap

247 2843 284 2934 fi
294 2867 334 2910 ex
346 2865 425 2910 mx.
444 2837 533 2927 caefi
541 2839 816 2930 dussm'fewm
832 2847 895 2913 IN
904 2846 1057 2926 BONIS
1066 2838 1180 2912 asinis
1194 2835 1244 2931 effe
1259 2835 1394 2941 tupiffe.
1422 2843 1459 2907 ln
1475 2833 1572 2908 bonit
1582 2857 1694 2917 vero,
1722 2831 1876 2904 dominu·
1887 2833 1909 2906 Ἅι
2065 2877 2108 2957 1.,Δί

260 2936 395 3028 alicujus
406 2933 559 3028 adquifiti
572 2943 642 3028 jure
658 2983 669 3014 t
691 2961 765 3032 quo
779 2933 870 3010 sensu
885 2941 919 3010 in
932 2933 1018 3010 lonis
1031 2935 1113 3034 quid
1124 2933 1189 3009 esse
1198 2937 1344 3015 dicitur,
1370 2937 1404 3007 d.
1418 2938 1442 3008 s.
1456 2959 1516 3026 52.
1537 2939 1583 3004 D.
1597 2931 1638 3003 dc
1653 2930 1781 3028 adquin
1796 2957 1860 3002 rer.

260 3035 344 3106 dm.
359 3039 381 3103 Ι.
397 3057 455 3122 40.
471 3039 518 3105 D.
533 3037 571 3106 de
587 3043 625 3106 V.
640 3046 674 3108 S.
689 3040 711 3110 Ι.
724 3064 756 3109 2.
775 3041 804 3115 t.
822 3061 878 3108 22.
894 3044 940 3110 D.
953 3037 992 3110 de
1003 3033 1154 3116 visum.
1167 3045 1212 3117 ri·
1226 3040 1290 3114 §.2.
1303 3031 1379 3126 snss.
1394 3036 1461 3104 eod.
1480 3024 1613 3124 aliisque
1627 3028 1787 3104 textibus.
1802 3033 1863 3100 Er-

260 3157 307 3230 go
323 3135 357 3202 in
371 3129 469 3202 bonis
484 3155 553 3204 non
575 3133 619 3204 esl
631 3159 726 3206 noxae
740 3133 870 3211 deditus
885 3129 994 3206 servus
1013 3139 1071 3230 qui
1092 3137 1255 3206 evincitur
1269 3185 1282 3218 ,
1308 3139 1344 3205 dc
1358 3132 1434 3204 ideo
1444 3135 1517 3223 ejus
1542 3128 1683 3198 nomine
1702 3127 1861 3198 dominus

261 3253 412 3302 tenetur.
438 3229 618 3304 Evincitxr
642 3256 751 3306 autern
771 3287 781 3319 ,
804 3231 1086 3331 explicatGlossa,
1109 3232 1143 3305 id
1166 3233 1211 3304 est
1232 3229 1464 3306 evislumesl:
1490 3225 1670 3322 quomodo
1689 3223 1865 3299 inchoatur

119 3385 126 3398 .
260 3326 325 3400 fine
337 3334 361 3400 s.
377 3353 432 3415 27.
439 3328 561 3431 supra,
584 3329 783 3406 inchoatum
797 3333 860 3405 esi:
884 3327 1031 3405 Rursum
1047 3331 1233 3414 evincitur,
1258 3322 1455 3425 reipsascil.
1471 3325 1665 3396 aliudenim
1680 3320 1865 3394 'literitsrte
1951 3357 1971 3444 ἐι
2191 3377 2198 3386 .

259 3426 400 3521 iudicata
418 3450 536 3500 contra
550 3425 756 3524 possessorem
774 3429 973 3526 appellatum
990 3430 1031 3504 ab
1046 3457 1087 3504 eo
1101 3429 1219 3502 suerit:
1246 3431 1378 3500 interim
1389 3429 1478 3497 enirn
1494 3419 1647 3520 possessor
1660 3441 1794 3499 manet,
1805 3417 1865 3492 etsi

258 3527 366 3598 evinci
381 3552 416 3597 ea
429 3521 578 3620 possessio
593 3525 716 3623 possit,
742 3537 764 3603 s.
771 3530 938 3624 sciendum
953 3553 1008 3617 ις.
1023 3534 1052 3608 5.
1069 3540 1103 3602 t.
1122 3539 1165 3602 D.
1178 3528 1239 3625 qus·
1246 3525 1425 3617 fhtisdartt
1451 3533 1534 3612 Qua
1551 3519 1692 3617 proinde
1706 3517 1783 3590 huic
1794 3515 1860 3616 legi

118 3695 120 3698 .
258 3649 330 3696 non
344 3621 467 3698 obstat:
497 3649 533 3698 ut
545 3647 605 3698 nec
616 3625 703 3700 <sicta
713 3635 765 3702 lex
779 3640 837 3720 69.
852 3653 925 3724 quae
940 3623 1008 3714 ait,
1036 3621 1109 3700 satis
1125 3623 1185 3699 esse
1201 3682 1210 3712 ,
1236 3653 1334 3724 neque
1347 3621 1506 3728 expeiiari
1519 3645 1557 3692 ut
1569 3615 1707 3690 creditor
1720 3617 1858 3688 evincat:

156 3765 158 3770 ’
222 3826 227 3835 ,
256 3725 339 3891 pus*
350 3726 385 3794 ³¹²
401 3717 450 3816 sP·
469 3724 503 3796 ἀ·
517 3725 597 3824 legis
614 3735 670 3815 69.
685 3752 813 3800 certum
827 3749 894 3800 erat
908 3727 1059 3803 aliunde.
1085 3729 1182 3798 etiam
1193 3723 1355 3798 creditore
1367 3721 1525 3794 ‘nondum
1540 3740 1656 3817 agente
1671 3765 1682 3794 ,
1702 3739 1770 3786 rem
1785 3708 1862 3806 pos-

270 3817 366 3894 essori
387 3824 578 3919 propediem
602 3826 842 3911 evincendam,
865 3826 1010 3934 ideoque
1029 3823 1074 3898 ibi
1098 3847 1168 3896 non
1184 3819 1348 3918 expedlata
1361 3821 1525 3891 evislione
1541 3820 1592 3913 agi
1608 3809 1737 3906 potest.
1762 3813 1802 3882 Et
1816 3813 1903 3913 ita¹
2036 3852 2040 3861 ·
2137 3835 2141 3842 ·

257 3921 394 4016 quidem
412 3919 481 3996 hec
500 3928 546 3996 R.
562 3921 770 4025 intelligenda
781 3925 825 3998 est
839 3979 852 4011 ,
876 3923 1113 4020 conflandaquc
1124 3947 1202 3994 cum
1214 3923 1248 3993 d.
1259 3926 1282 3992 1.
1300 3912 1358 4008 6'9'.
1375 3925 1422 3992 D.
1436 3911 1713 4005 desolamini
1739 3910 1874 4005 Neque·

258 4019 345 4090 enim
354 4045 394 4096 ea
409 4023 551 4114 pertinet
564 4023 606 4096 ad
618 4047 806 4098 curatorem
819 4023 917 4096 bonis
930 4023 1045 4095 datum
1059 4075 1071 4108 ,
1097 4019 1192 4116 quod
1206 4018 1342 4116 quidam
1355 4015 1476 4088 volunt
1486 4061 1496 4093 ,
1507 4009 1564 4086 etsi
1578 4016 1631 4082 sex
1645 4037 1676 4102 3.
1691 4017 1737 4082 D.
1752 4009 1789 4078 dc
1801 4034 1862 4077 cu-

256 4117 458 4192 marchonis
472 4121 602 4208 dando,
628 4149 666 4195 ex
679 4124 797 4195 eodem
817 4113 904 4198 libio
916 4119 1091 4220 desumpta
1104 4119 1143 4192 fit
1162 4149 1171 4192 ε
1194 4119 1238 4192 ad
1257 4114 1355 4216 quod
1367 4133 1602 4214 argumentum
1623 4104 1800 4224 quomodo
1818 4126 1858 4176 ee

255 4212 341 4284 mhi
357 4215 480 4310 poffit,
504 4221 615 4297 videre
627 4249 699 4296 non
713 4219 865 4320 possum.
1777 4275 1782 4282 .
