4724 5930
439 493 1784 588 nnrioPERQUEMFACTUM‚xr.coLL.r1>1cr.rteco.prust.
1862 530 1904 590 71

319 625 431 684 rentur
444 603 564 700 stupri.
588 601 883 698 impugnationis,
909 595 1072 692 puerperii
1085 612 1407 664 anteeamaeratern:
1424 591 1529 680 Quod
1543 595 1914 698 etiamfirmathleran-
2054 598 2058 607 “

318 703 376 778 der
388 729 418 774 c.
435 705 469 776 8.
484 704 523 772 ale
535 698 672 800 desprnfi
683 696 804 802 impul.
819 724 854 772 v.
869 707 909 778 ό*
920 722 951 766 c.
974 721 1004 784 ς.
1020 692 1087 765 eod.
1104 697 1144 762 Et
1158 689 1226 768 hauc
1238 687 1374 786 quidem
1389 691 1423 760 in
1438 687 1579 765 delillit.
1753 701 1759 712 ’

367 804 413 872 At
425 805 458 872 in
473 804 594 874 caeteris
604 800 684 891 juris
698 794 842 870 articulis
854 793 1019 890 pubertati
1032 791 1202 885 proximus
1218 813 1289 858 που
1297 785 1438 898 habetur
1452 813 1516 884 pro
1529 789 1676 896 pubere}
1698 795 1800 872 veluti
1810 802 1845 875 in
1858 805 1912 894 ju·

318 923 353 972 re
366 898 521 978 testandi,
545 904 569 970 l.
587 923 621 992 ς.
636 905 683 970 D.
699 894 759 991 qui
772 894 891 988 tastu.
898 895 1034 986 fucare,
1051 893 1075 962 l.
1092 917 1127 979 4.
1144 895 1180 958 C.
1195 887 1261 956 rod.
1275 909 1329 960 tar.
1345 885 1524 962 cuemund
1537 891 1606 986 pias
1617 891 1726 970 causas
1741 901 1914 992 prorinr'us

317 994 478 1167 ppbertati
495 997 625 1070 testatus
638 993 756 1068 fuerit.
781 1017 855 1090 quae
868 1017 944 1064 vera
959 985 1079 1066 uanoli
1093 994 1128 1064 δί
1144 977 1270 1062 Jasonit
1283 977 1438 1060 sententia
1453 987 1519 1060 est.
1535 995 1575 1062 lu
1590 992 1698 1066 tutelis
1710 999 1829 1090 pariter
1848 1023 1912 1093 pu·
1979 1019 1982 1024 ·

316 1090 823 1288 τίἑὲῗὲῗξῖἵῗὲᾞῖξέἷῗῖἶ.
832 1084 1069 1279 'ibiibi'
1080 1083 1170 1289 ulli
1179 1081 1912 1300 {lihlllhsl'nlssltlnllll

318 1317 353 1382 9·
368 1294 670 1464 llcilioddissssddliae
682 1391 767 1460 inter
778 1385 915 1468 dalida,
940 1378 1080 1482 aliasque
1094 1376 1221 1468 causas,
1247 1407 1284 1454 ac
1298 1384 1497 1456 norninatirn
1522 1392 1730 1476 contradens,
1755 1390 1824 1464 haec
1850 1393 1912 1478 cst,

318 1489 412 1585 quod
428 1490 462 1560 in
479 1490 528 1562 his
543 1490 584 1562 de
597 1511 772 1561 momento
784 1491 818 1559 in
835 1507 1050 1581 momentum·
1059 1508 1210 1578 tempora
1222 1488 1407 1576 computari
1421 1488 1562 1558 oraturo
1574 1486 1695 1562 necesse
1706 1488 1822 1571 fuerit,
1844 1517 1916 1564 cer-

318 1608 459 1683 tumque
471 1611 599 1684 ternpus
613 1595 647 1658 δι
664 1579 835 1656 definitum
851 1583 1022 1668 constitui,
1049 1599 1120 1678 quo
1136 1575 1263 1677 possent
1279 1573 1341 1657 sese
1355 1581 1569 1682 adstringere:
1595 1613 1703 1682 neque
1717 1586 1848 1663 fistione
1863 1587 1913 1660 ul.

314 1683 345 1756 la
362 1685 657 1782 pmridentiajuris
672 1681 830 1760 eludenda
842 1683 907 1756 est:
918 1681 1013 1776 quod
1026 1687 1141 1774 utiquo
1158 1677 1245 1754 heret
1261 1679 1459 1787 nealioquin
1473 1683 1508 1754 in
1525 1679 1656 1781 singulis
1675 1681 1912 1782 speciebusad-

313 1779 539 1858 hjbendaeil‘et
556 1785 726 1886 cognitio,
753 1809 794 1854 an
810 1779 1011 1856 interiectum
1024 1777 1166 1873 pupillus
1178 1777 1331 1850 habuillet
1345 1779 1395 1850 vel
1409 1805 1497 1859 non,
1525 1774 1551 1850 sr'
1562 1779 1725 1876 pubertati
1743 1788 1912 1880 proximus
1991 1803 1994 1810 ·

314 1905 379 1976 pro
395 1881 515 1976 pubere
525 1882 722 1984 fingeretur:
749 1887 788 1956 In
804 1884 841 1956 iit
855 1905 935 1953 vero
949 1903 1023 1972 quae
1035 1875 1113 1948 neti
1128 1872 1225 1960 sunt,
1250 1875 1373 1948 facilius
1386 1873 1477 1952 fictio
1486 1877 1695 1966 admittitur,
1722 1889 1757 1954 δι
1776 1883 1912 1977 quidem

315 1979 397 2056 dolo
410 1983 629 2056 intercedente
644 1987 677 2052 δι
695 1982 825 2074 procaci
836 1977 960 2055 malitia
972 1997 1100 2051 aetatem
1117 1969 1301 2070 supplente:
1327 2001 1429 2070 quam
1442 1982 1478 2052 in
1492 2001 1564 2048 reur
1580 1979 1719 2059 videnda
1734 1981 1778 2054 est
1795 1986 1850 2053 lex
1880 2003 1911 2054 t.

316 2089 356 2162 (θ’
371 2105 403 2150 a.
423 2090 457 2166 Q.
463 2085 496 2173 fi
508 2081 633 2171 advrrfi
646 2079 750 2152 deliri.

364 2205 399 2266 4·
426 2182 502 2254 Jarn
513 2178 618 2275 liquet
629 2181 741 2272 itaque
753 2175 920 2270 postremo
934 2169 1033 2256 loco,
1059 2195 1229 2268 perperam
1240 2170 1325 2246 hauc
1339 2171 1502 2272 Regulam
1516 2143 1598 2248 trahi
1613 2175 1655 2248 atl
1671 2179 1853 2251 comino
1875 2181 1913 2249 dt
1989 2239 1995 2244 .
2050 2261 2055 2269 .

313 2271 404 2370 quali
423 2282 626 2349 Contrarias:
653 2280 743 2348 Nam
758 2267 899 2366 fiipsun
911 2269 1127 2347 contrahendi
1140 2277 1191 2363 jur
1206 2263 1349 2364 spectes,
1375 2271 1499 2344 inutilis
1514 2273 1758 2346 estcontrallus
1768 2274 1913 2348 tnebra-

312 2393 365 2452 rus
379 2399 398 2442 a
410 2371 558 2468 pupillo,
585 2375 660 2448 licet
674 2372 835 2466 pubertati
848 2372 1013 2464 proximo,
1022 2369 1106 2441 eitra
1119 2369 1239 2441 tutoris
1251 2369 1491 2442 auctoritatem:
1506 2368 1525 2438 s
1540 2397 1622 2445 reto
1634 2371 1676 2444 de
1690 2375 1827 2472 negotio
1836 2395 1913 2444 tan⁴

312 2491 384 2542 turn
399 2471 630 2545 contrahendo
644 2470 696 2544 scu
713 2466 913 2563 expediendo
940 2469 1121 2559 quaritur,
1146 2472 1213 2557 jam
1234 2461 1381 2560 septenni
1401 2474 1508 2560 major
1532 2473 1704 2568 nogotium
1728 2497 1837 2570 gerere
1860 2465 1914 2544 seu

154 2651 159 2658 ,
311 2569 505 2644 contrahere
519 2571 645 2664 potest:
669 2593 748 2642 nam
764 2559 953 2656 hujusmodi
968 2564 1112 2660 pupillus
1129 2567 1190 2660 qui
1204 2559 1265 2640 sari
1277 2565 1384 2660 potest
1399 2573 1432 2638 lt
1447 2570 1619 2666 negotium
1633 2571 1827 2644 contrahere
1852 2593 1915 2664 po·

312 2667 370 2736 test
385 2689 495 2744 tutore
507 2671 659 2746 audura,
683 2673 706 2739 Ι.
732 2689 766 2756 5.
776 2665 865 2766 supr.
878 2664 937 2737 ht.

547 2869 587 2936 Ie
610 2863 815 2934 HEREDES
840 2884 902 2930 non
928 2861 1056 2952 transtro
1080 2859 1293 2932 POENALES
1317 2857 1449 2932 aniano
1473 2887 1515 2932 rx
1538 2861 1645 2936 delillt
1661 2867 1674 2936 '.

787 3001 790 3010 ¹
847 3057 876 3134 5.
902 3059 943 3126 In
967 3051 1137 3140 heredem,
1169 3079 1200 3124 r.
1226 3057 1265 3128 L.
1298 3081 1376 3126 111.

310 3255 351 3326 Ie
362 3251 574 3329 haredrmnan
580 3253 682 3344 silent
693 3251 827 3328 aeirus
838 3255 966 3348 transtu
981 3279 1046 3349 qua
1054 3256 1185 3354 penales
1192 3253 1272 3345 sunt
1284 3279 1325 3324 ert
1337 3253 1506 3349 naelfieio:
1518 3252 1841 3354 velutisurri‘dmnt'
1855 3257 1913 3332 in·
2046 3257 2050 3268 ’

349 3351 469 3444 juria,
495 3353 893 3456 vibanormraprarrtm„
917 3349 1137 3441 injuriarum.

400 3551 435 3624 D
449 3549 537 3624 idem
553 3543 677 3648 semper
691 3549 863 3628 Edidumr
889 3545 942 3624 seu
957 3547 999 3622 ad
1010 3547 1152 3622 eundem
1164 3550 1357 3626 traslatunrr
1371 3559 1425 3628 Dr
1436 3581 1470 3626 er
1480 3575 1539 3660 pet
1551 3559 1824 3652 pmfailmufi
1847 3565 1910 3652 qira

429 3651 534 3724 miuus
546 3652 620 3749 quir
631 3650 802 3742 injudicio
809 3651 918 3744 fissa,
944 3655 980 3720 dt
995 3650 1063 3720 nac
1075 3653 1121 3720 R.
1134 3653 1274 3742 pertinet
1288 3680 1296 3724 :
1309 3677 1383 3748 quae
1393 3657 1428 3724 in
1443 3679 1561 3752 genere
1574 3655 1618 3726 ell
1631 3653 1672 3730 de
1686 3660 1720 3726 vi
1732 3657 1910 3728 Pomalr'rrua

311 3746 520 3836 ,indiciarum
532 3795 554 3829 ‚.
566 3773 681 3821 utrum
696 3775 731 3821 ea
746 3751 781 3820 in
795 3747 947 3820 heredem
964 3743 1126 3820 transeant
1142 3744 1195 3818 seu
1211 3749 1346 3822 dentur:
1372 3757 1438 3825 Cui
1452 3773 1598 3846 quatuor
1611 3753 1678 3825 aliae
1691 3753 1786 3846 hujus
1805 3753 1908 3828 tituli.

311 3849 395 3946 ch.
409 3847 616 3922 concordant
628 3897 637 3926 ‚
649 3871 727 3943 puta
738 3853 791 3932 lor
810 3849 865 3938 38.
886 3851 977 3942 (quo
992 3843 1147 3916 lesionem
1163 3844 1215 3916 hic
1229 3851 1325 3918 unice
1334 3854 1507 3921 remittunt
1518 3857 1733 3945 interpretes)
1748 3883 1807 3944 44.
1817 3854 1907 3958 supr.

311 3956 351 4028 ά
365 3953 386 4018 Ι.
405 3973 483 4036 ¹²7·
499 3947 536 4018 in
539 3952 600 4043 fin.
618 3957 697 4034 14.
709 3947 789 4040 infr.
806 3955 961 4032 Quarum
977 3939 1129 4038 synophn
1145 3941 1289 4040 aliquam
1302 3945 1401 4018 habes
1414 3948 1456 4018 ad
1467 3949 1500 4020 A.
1513 3953 1537 4020 l.
1558 3953 1614 4042 38.
1629 3949 1775 4035 Scilicet,
1787 3975 1824 4024 ur
1837 3975 1909 4047 poa·

312 4043 376 4114 nali
391 4049 591 4117 nominatim
603 4043 749 4140 juditio:
777 4053 826 4116 De
841 4072 873 4114 ra
881 4069 938 4146 per
952 4045 1179 4144 quailnrra
1192 4044 1232 4135 est
1247 4071 1309 4140 qur
1322 4045 1429 4120 nnus
1439 4047 1512 4144 qrtr'r
1526 4046 1703 4138 iajadicr'r
1710 4049 1820 4146 filla,
1848 4051 1908 4126 he·¹

312 4163 445 4215 resnou
462 4152 610 4220 tenetur,
637 4144 733 4238 quod
746 4140 910 4238 Ulpianus
923 4141 981 4213 lib.
997 4167 1031 4230 7.
1045 4141 1272 4213 concordante
1281 4137 1427 4240 scripsit,
1455 4151 1478 4217 l.
1499 4171 1531 4218 r.
1546 4151 1713 4224 §tuln-D.
1730 4151 1769 4222 da
1792 4177 1825 4222 ra
1850 4171 1908 4250 prr

311 4243 490 4340 putrefieri.
504 4245 550 4314 ita
564 4241 753 4341 generaliter
770 4263 886 4314 return
901 4241 946 4312 est
962 4241 1069 4336 (quod
1082 4245 1178 4311 eriam
1192 4239 1299 4312 verbis
1313 4253 1393 4316 Non
1401 4245 1480 4336 solet
1493 4245 1672 4341 indicatur)
1691 4243 1906 4346 quascunque

312 4339 443 4410 taudem
460 4343 601 4432 pornales
616 4343 759 4412 artiones
777 4365 814 4414 rx
827 4337 1010 4422 maleficio,
1035 4335 1155 4410 advers
1150 4365 1186 4410 us
1200 4339 1333 4414 hercdm
1342 4338 1567 4440 delinqueritis
1577 4347 1758 4429 nondari.

361 4441 406 4508 Eur
423 4435 600 4510 maleficio.
626 4443 784 4534 inquam,
810 4437 979 4534 prrnales,-
999 4441 1034 4508 in
1047 4436 1276 4536 quodcunque
1302 4441 1435 4516 tandem
1462 4444 1588 4543 negotii
1701 4469 1715 4516 a
1744 4445 1840 4516 dolus
1854 4433 1906 4516 vel

310 4529 406 4632 culpa
417 4532 575 4606 maleficio
591 4537 737 4632 proxima
752 4541 916 4610 incurrat:
941 4539 1031 4618 Nam
1048 4545 1082 4606 dt
1108 4537 1176 4608 hec
1196 4544 1281 4640 ch.
1306 4537 1435 4612 obtinet
1453 4545 1489 4612 in
1508 4469 1699 4638 poerrffi
1721 4541 1846 4635 judiciis
1867 4563 1906 4616 ex

310 4633 508 4718 contrae‘lu,
534 4634 585 4706 vel
599 4633 690 4730 quast
703 4633 821 4706 delislo
833 4631 1122 4720 descendentibus,
1150 4659 1187 4706 ut
1199 4639 1298 4709 docet
1311 4628 1364 4710 lex
1383 4643 1436 4711 ¹8.
1449 4649 1495 4713 D.
1511 4641 1659 4744 dtpefirr',‘
1678 4647 1701 4711 l.
1721 4651 1774 4712 τί.
1804 4647 1849 4712 D.
1866 4639 1904 4712 dr

299 4735 412 4826 judic.
424 4734 524 4811 latr.
539 4734 568 4813 l.
582 4745 616 4808 6.
632 4739 679 4810 D.
694 4757 818 4820 nauta,
842 4759 936 4841 caup.
945 4733 1025 4832 stri.
1037 4741 1064 4808 l.
1081 4763 1112 4832 ς.
1126 4741 1156 4816 l.
1171 4761 1207 4829 5.
1221 4745 1271 4810 Dr
1283 4737 1549 4838 deliaquiafferl.
1565 4739 1658 4828 Quid
1670 4732 1902 4910 igiturnhslipfil

1835 4863 1854 4912 c
1889 4877 1904 4897 ι
