4724 5930
350 535 411 608 DE
436 527 513 600 REI
537 515 691 594 UXOR.
718 515 826 590 Act.
853 499 920 590 &cg
942 507 1041 580 nint.
1065 501 1202 578 COLL.
1230 498 1450 588 EQUAEST.
1477 499 1620 570 PAULI
1647 489 1780 589 REGG.
1868 525 1891 590 9

280 664 317 711 „e
337 661 391 706 10.
406 629 444 701 de
457 619 638 722 adstgnund.
648 615 753 690 libert.
769 624 810 698 ό*
823 615 899 690 §.t.
911 607 986 700 lissi.
1001 605 1070 678 eud.
1083 627 1192 698 oeque
1205 603 1294 672 enim
1314 596 1360 670 ibi
1374 593 1463 670 casus
1476 595 1594 694 aliquis
1621 599 1740 674 extitit:
1767 621 1885 670 verum

280 732 405 808 desem
421 721 572 799 conditio
586 719 631 790 est
647 775 655 790 .
681 710 873 808 Exemplum
887 731 1052 805 ponamus
1066 706 1100 776 in
1113 697 1370 782 Donationibus,
1394 700 1498 795 inque
1511 691 1587 770 colu
1602 718 1735 768 mutatae
1768 697 1890 771 Condi-

282 831 378 908 risns's
399 819 565 924 personae:
590 817 798 890 Donationes
812 803 931 882 scilicet
947 809 982 880 in
997 797 1220 877 concubinam
1235 797 1361 874 collatae
1375 797 1522 884 utiliter,
1548 823 1619 870 non
1633 791 1767 892 poliunt
1790 821 1891 872 revo-

283 934 373 1009 erri,
400 925 499 998 telin
513 921 642 992 irritum
658 912 801 988 recidere
828 933 903 1005 quae
929 928 1004 978 ante
1018 911 1091 998 jure
1116 899 1244 985 valuit,
1268 897 1325 971 etsi
1347 899 1601 972 matrimonium
1624 898 1688 969 iter
1706 921 1764 966 cos
1783 897 1895 992 postm

286 1027 497 1106 comiadum
512 1017 628 1102 fisetit,
646 1021 676 1088 i.
687 1010 867 1086 donationes
887 1033 942 1102 3¹.-
960 1013 1006 1080 D.
1018 1005 1056 1076 de
1069 998 1262 1074 donationib.
1288 997 1480 1096 Exemplum
1495 1000 1531 1070 in
1537 994 1795 1102 stipulutisnibus
1808 1039 1819 1081 5
1833 1023 1892 1070 ca-

291 1126 394 1224 suque
405 1117 567 1218 divisuris
582 1116 629 1188 res'
639 1117 725 1186 inter
737 1109 845 1208 plures
860 1103 1012 1179 heredes:
1036 1104 1159 1202 Finge,
1185 1097 1375 1194 stipulatum
1401 1124 1458 1172 me
1483 1099 1593 1176 viam,
1619 1098 1699 1174 iter,
1725 1095 1838 1168 astum
1851 1093 1896 1169 ad

170 1283 174 1308 .
291 1226 435 1300 firmium
449 1231 588 1294 meum?
614 1216 647 1285 Si
662 1211 747 1284 duos
762 1207 895 1282 heredes
908 1204 1096 1299 reliquero,
1125 1226 1195 1272 non
1209 1202 1410 1298 extinguitur
1428 1195 1592 1294 stipulatio
1606 1223 1620 1268 τ·
1641 1199 1678 1267 &
1695 1217 1755 1291 per
1768 1218 1896 1291 partem

284 1319 509 1399 *dominorum
525 1311 684 1410 adquisita
702 1305 839 1383 servitus
858 1309 1039 1381 retinetur.
1065 1297 1129 1372 Vel
1146 1296 1232 1400 finge
1243 1321 1372 1395 partem
1384 1297 1496 1396 praedii
1513 1291 1679 1369 servientis
1692 1293 1744 1368 vel
1757 1297 1813 1368 cui
1829 1289 1896 1368 ser-

290 1428 378 1498 vitus
389 1418 529 1494 debetur
543 1413 674 1486 alterius
687 1409 818 1484 dommi
842 1404 902 1482 elie
922 1398 1079 1497 empirica
1104 1394 1279 1492 Adquifim
1296 1391 1431 1470 servitus
1450 1393 1687 1470 conservatur:
1712 1398 1736 1467 1.
1773 1393 1898 1468 Iuribus

296 1551 378 1615 ¹40·
392 1527 421 1600 §.
436 1545 469 1590 a.
479 1525 526 1594 D.
533 1515 573 1586 de
590 1520 632 1586 V.
649 1519 691 1586 0.
718 1507 775 1584 ubi
787 1501 991 1588 JConsultus
1008 1501 1122 1600 addit:
1151 1503 1204 1595 ttss
1197 1502 1336 1672 placeas
1348 1495 1496 1599 extingui
1506 1493 1728 1598 obligationem
1729 1419 1774 1592 ii
1770 1494 1808 1568 s'n
1822 1521 1899 1570 eun

291 1625 401 1716 tusum
418 1613 571 1694 inciderit
584 1659 594 1694 ,
620 1637 642 1683 u
658 1637 719 1711 quo
733 1609 873 1713 incipere
888 1633 949 1681 non
964 1605 1060 1707 posili
1073 1643 1084 1690 ι
1111 1627 1171 1676 non
1183 1599 1197 1670 i
1230 1622 1334 1672 tumen
1348 1625 1462 1671 verum
1476 1595 1530 1691 effe
1541 1595 1578 1669 in
1589 1593 1731 1668 ssnns'bus
1746 1651 1754 1668 .
1779 1597 1897 1668 Omit-

289 1746 328 1796 to
353 1715 537 1814 exemplum
552 1739 590 1787 ex
613 1715 635 1784 l.
649 1713 779 1784 eandm
793 1715 865 1799 9.§.
881 1709 959 1781 ude
971 1705 1063 1780 duob.
1077 1703 1160 1780 reis.
1184 1699 1230 1772 ibi
1240 1703 1329 1772 enim
1345 1723 1415 1770 noo
1430 1700 1539 1797 agitur
1552 1694 1597 1766 de
1608 1693 1683 1768 casu
1698 1695 1808 1789 postea
1831 1697 1898 1768 exi-

294 1823 420 1898 stente,
446 1839 562 1888 uerum
581 1810 624 1884 de
649 1813 872 1884 conuentione
897 1806 1102 1906 posteriore.
1131 1798 1324 1898 Exemplum
1346 1799 1381 1894 in
1406 1794 1602 1872 Muneribus
1623 1792 1898 1906 municipalibus,

293 1916 532 2019 Prinilegisque
543 1909 639 2008 quod
654 1903 860 2008 supervenit:
885 1907 1012 1984 Scilicet
1026 1907 1051 1981 li
1064 1907 1140 2007 quis
1155 1902 1198 1974 ad
1212 1925 1350 1972 munera
1366 1898 1492 1970 muniti
1514 1894 1574 1967 alia
1588 1916 1726 1966 vocatus
1740 1899 1779 1966 lit
1795 1941 1806 1972 ‚
1831 1917 1897 1988 po-

294 2019 424 2114 steaque
434 2020 467 2088 ei
477 2011 687 2111 privilegium
702 2004 946 2105 supervenerit,
973 2037 1044 2108 quo
1057 2007 1154 2083 initio
1168 2030 1185 2074 a
1200 1997 1392 2072 muneribus
1404 1920 1543 2070 excubiti
1553 1989 1705 2092 potuilict
1722 2044 1733 2074 ,
1748 1989 1901 2087 compel-

296 2115 382 2190 letur
392 2114 609 2188 nihilominus
623 2108 665 2180 ad
681 2109 844 2184 honorem
858 2112 1058 2212 gerendum,
1084 2114 1107 2184 1.
1113 2107 1235 2206 smptr
1251 2125 1284 2192 5'·
1299 2101 1329 2174 5·
1339 2100 1397 2168 30⁶
1411 2091 1501 2170 ‘3²²⁶‘
1514 2124 1548 2186 7·
1562 2098 1687 2186 ΜΒΝ
1704 2091 1898 2178 imunita-

296 2217 357 2290 ss's:
371 2221 514 2310 Excepto
532 2202 607 2283 calu
622 2209 655 2280 d.
667 2211 690 2283 l.
703 2237 761 2303 53.
781 2213 857 2284 cod.
875 2211 937 2284 π).
952 2205 1190 2286 dedecarionib.
1217 2195 1415 2296 Exemplum·
1432 2199 1467 2268 in
1482 2195 1624 2298 Nuptiis
1643 2187 1787 2290 casuque
1803 2213 1900 2262 novae

294 2315 368 2414 post
386 2313 638 2386 matrimonium
648 2305 817 2408 dignitatis
831 2310 991 2407 indeptae:
1018 2337 1092 2408 quae
1107 2301 1359 2384 matrimonium
1374 2295 1527 2372 contrahi
1543 2287 1774 2392 prohibuiss'et‚
1789 2313 1901 2385 neque

184 2497 189 2504 ,
294 2417 383 2488 anim
399 2409 651 2484 matrimonium
667 2430 756 2480 retro
767 2409 912 2512 legitime
926 2413 1158 2497 contradium,
1185 2403 1402 2482 constitutum
1418 2449 1428 2480 ,
1455 2423 1492 2469 ex
1505 2387 1694 2487 hujusmodi
1720 2385 1899 2486 superven-

296 2536 334 2588 tu
352 2571 363 2600 ,
387 2533 535 2584 mutetur
551 2502 605 2579 seu
617 2504 820 2593 infirmetur,
847 2515 880 2584 in
895 2507 942 2608 sp.
955 2516 979 2585 l.
993 2535 1063 2618 pets.
1075 2511 1197 2586 Cedde
1210 2500 1356 2604 nuptiis.
1381 2494 1575 2594 Exemplum
1587 2497 1623 2565 in
1638 2487 1713 2564 casu
1739 2491 1820 2562 novi
1831 2490 1899 2558 im-

292 2614 475 2718 pedimenti
489 2605 591 2682 civilis
606 2607 788 2696 existentis,
814 2614 848 2684 in
861 2605 910 2708 sp.
924 2616 947 2686 l.
968 2641 999 2706 3.
1019 2624 1055 2687 C.
1067 2609 1281 2686 deinterdibbo
1294 2601 1438 2676 nutrius.
1465 2597 1526 2668 rite
1549 2588 1668 2666 scilicet
1688 2589 1900 2663 contrabium

293 2713 548 2786 matrimonium
562 2703 772 2803 expollfrdio
787 2713 894 2785 vitiari
909 2739 979 2784 non
1000 2703 1123 2810 poteli.
1150 2705 1342 2804 Exemplum
1367 2706 1403 2774 in
1424 2691 1644 2772 donationibus
1665 2691 1749 2789 inter
1767 2686 1835 2762 uir.
1858 2693 1900 2768 ci·

291 2841 385 2886 uxor.
399 2815 501 2908 inque
515 2801 590 2881 casu
604 2830 709 2880 reatus
723 2799 978 2906 supervenientis
992 2866 1000 2884 .
1028 2815 1126 2911 Finge
1142 2836 1190 2882 res
1206 2802 1366 2905 quasdam
1376 2797 1550 2898 largitione
1563 2797 1625 2865 viri
1637 2795 1669 2862 in
1686 2811 1823 2861 uxorem
1834 2811 1896 2854 an-

293 2934 327 2986 te
340 2936 467 2986 reatum
479 2917 549 3004 jure
562 2900 738 3002 pervenilse
757 2926 768 2980 t
798 2917 968 2984 Damnato
983 2937 1021 2983 ac
1037 2931 1176 2982 mortuo
1189 2933 1227 2979 ex
1239 2929 1338 3001 poena
1354 2901 1475 2972 marito
1494 2893 1547 2966 uel
1561 2894 1596 2962 in
1620 2886 1766 2960 servilem
1779 2879 1899 2976 condif

295 3013 423 3082 tionem
434 3035 472 3080 ex
496 3030 603 3102 ptmae
612 3003 771 3100 qualitate
785 3007 934 3080 dedueto
946 3005 1074 3080 illibatae
1084 3031 1130 3078 eae
1152 3005 1227 3075 sunt
1244 3056 1255 3088 ,
1281 3007 1304 3072 l.
1321 3027 1368 3072 res
1381 2993 1492 3070 uxoris
1512 3017 1569 3081 24.
1591 2999 1627 3060 C.
1642 2988 1679 3060 ds
1692 2987 1798 3057 donar.
1814 2981 1936 3054 inser-a

296 3109 363 3181 vir·
383 3119 422 3190 ὠ*
435 3133 531 3178 uxor·
556 3107 671 3202 Finge,
691 3109 850 3180 maritum
864 3105 1103 3200 deportatum,
1129 3101 1182 3174 vel
1207 3093 1293 3198 at'pua
1310 3101 1429 3197 &igni
1456 3089 1695 3165 interdictum
1720 3076 1824 3158 Casus
1845 3079 1901 3152 hie

296 3210 357 3304 qui
369 3209 407 3278 in
420 3207 576 3301 maritum
585 3199 730 3276 incidit,
755 3207 1008 3278 matrimonium
1021 3229 1091 3278 non
1101 3197 1220 3282 soluitt
1246 3191 1374 3274 lietsut
1393 3195 1643 3270 illenonmutet
1669 3185 1778 3258 uxoris
1806 3177 1910 3278 adfe-r

301 3307 468 3386 ctionem,
492 3307 516 3373 1.
536 3327 566 3372 ι.
587 3309 624 3371 C.
643 3299 684 3370 de
698 3303 860 3408 repudiis,
995 3339 1001 3352 ·
1232 3283 1237 3294 ’

328 3411 387 3476 Et
399 3403 556 3474 hnilenus
574 3396 712 3494 quidem
730 3403 875 3499 exempla
886 3402 1007 3502 quibus
1020 3403 1091 3477 nac
1105 3409 1192 3505 Reg.
1209 3401 1318 3475 nostra
1330 3393 1505 3494 firmatur,
1529 3385 1780 3482 ostenditurque
1794 3377 1899 3458 adeo,

184 3589 189 3597 ¹
296 3529 427 3576 novum
445 3524 514 3570 non
532 3493 591 3570 effe
604 3501 674 3569 ino
689 3499 904 3576 certillimum
917 3502 1189 3602 exploratumque
1208 3554 1218 3584 ‚
1245 3529 1282 3573 ea
1294 3525 1367 3596 quae
1378 3498 1419 3570 ab
1431 3500 1527 3570 initio
1543 3489 1638 3566 semel
1652 3485 1772 3560 utiliter
1782 3481 1903 3556 CON-
2017 3558 2021 3567 Ι

296 3601 503 3680 STITUTA
516 3592 613 3677 sunt,
639 3597 758 3674 durare
774 3653 783 3682 ‚
810 3600 867 3674 etsi
880 3605 907 3674 is
920 3599 1010 3676 casus
1024 3607 1164 3676 extiterit
1181 3629 1199 3672 a
1215 3629 1286 3698 quo
1300 3602 1443 3693 incipere
1458 3623 1528 3668 non
1544 3584 1744 3690 potuissent.
1770 3587 1810 3654 Et
1828 3574 1903 3650 lunt

298 3726 409 3775 tamen
425 3701 478 3772 bic
492 3723 632 3794 quoque
642 3691 734 3772 casus
749 3702 886 3797 quidam
901 3701 1101 3800 excipiendi:
1128 3699 1184 3774 ubi
1195 3697 1343 3774 videlieet
1359 3701 1453 3770 initio
1468 3695 1543 3768 licet
1559 3692 1680 3765 utiliter
1695 3681 1871 3756 constituta
1889 3727 1901 3760 ,
1994 3729 1998 3735 .

297 3829 369 3876 non
384 3801 524 3873 durant:
578 3799 611 3868 ui
623 3823 739 3871 omnes
753 3826 794 3871 eo
809 3796 980 3896 spedirnt,
1002 3827 1122 3898 nempe
1137 3799 1269 3874 {illatus
1285 3803 1328 3871 rei
1341 3819 1397 3868 aut
1407 3790 1552 3891 personae
1565 3794 1610 3863 ira
1621 3806 1767 3861 mutatus
1779 3777 1902 3860 fuerit,

296 3925 334 3974 ut
346 3911 401 3974 'res
420 3898 473 3972 vel
497 3823 644 3994 perionae
668 3901 807 3998 negotio
823 3925 895 3997 quo
907 3897 955 3971 'de
975 3903 1083 4001 agitur
1102 3899 1257 3972 inhabiles
1272 3897 1362 3981 smt‚
1387 3893 1541 3991 neruique
1555 3892 1652 3988 plane
1671 3879 1828 3956 contrarii
1839 3878 1904 3946 exi-

296 4001 382 4072 stant
399 4053 411 4074 .
467 4026 498 4071 r.
526 3996 718 4092 Exemplum
735 4003 769 4070 in
784 3997 1002 4090 Juds'ciulibus
1020 4055 1029 4075 .
1055 3997 1146 4071 Nam
1160 3997 1184 4070 fi
1205 4023 1291 4071 atne
1303 3993 1402 4068 fiterit
1420 3993 1598 4092 adrogatus
1613 3991 1673 4086 qui
1690 4003 1823 4065 mecum
1836 3993 1904 4046 ⁶¹³1

293 4099 385 4172 litem
400 4099 611 4176 contestatur,
626 4095 676 4166 vel
690 4123 768 4168 cum
784 4121 855 4194 quo
871 4105 948 4198 ego,
966 4093 1297 4191 solviturjudicium:
1320 4096 1482 4190 quoniam
1498 4117 1556 4164 nec
1570 4087 1610 4162 ab
1628 4089 1723 4161 initio
1738 4085 1823 4154 inter
1839 4099 1903 4146 nos

292 4201 405 4294 potuit
419 4196 603 4279 consistere,
613 4201 655 4268 l.r
669 4193 896 4288 mdejudiciis:
913 4195 1288 4295 propteriuhabilitatem
1297 4188 1417 4267 scilicet
1427 4185 1655 4290 personarum,
1668 4193 1703 4257 &
1717 4199 1902 4276 repugnan-

295 4300 375 4368 tiam
393 4298 457 4366 rei.
512 4325 544 4368 ι.
559 4294 750 4392 Exemplum
766 4301 798 4369 in
812 4323 900 4370 nova
914 4293 1127 4371 excusationis
1139 4293 1246 4382 causa,
1257 4299 1290 4369 in
1307 4289 1353 4390 sp.
1364 4299 1407 4366 l.t
1418 4321 1449 4365 1.
1464 4319 1476 4362 r
1489 4319 1519 4362 2.
1531 4293 1561 4368 i.
1578 4317 1607 4362 r.
1630 4284 1828 4390 tspadonem
1847 4297 1903 4363 15.

294 4399 406 4508 §W
427 4395 600 4484 b40·D·d⁶
613 4396 754 4488 excnfitt.
770 4399 869 4567 Finge
883 4421 920 4469 ex
930 4400 963 4469 d.
980 4397 1048 4482 §.n
1074 4405 1187 4470 Tutor
1206 4394 1256 4468 vel
1270 4417 1405 4468 curator
1424 4395 1499 4487 quis
1511 4393 1615 4462 extitit
1631 4413 1702 4459 non
1717 4374 1904 4456 senatoris,

298 4492 349 4567 vel
366 4492 458 4564 aliter
470 4521 539 4564 non
554 4495 760 4594 indignitate
774 4523 820 4593 po
834 4499 871 4568 iti
887 4547 898 4576 ,
923 4494 1043 4568 deinde
1053 4497 1163 4594 pollen
1178 4492 1214 4567 lit
1232 4499 1400 4568 Senator?
1424 4494 1601 4566 Continuo
1614 4480 1800 4559 absolvetur
1816 4499 1834 4542 a
1848 4464 1902 4548 so·

221 4672 223 4677 ,
297 4591 467 4668 licitudine
480 4586 533 4662 seu
547 4591 646 4664 tutela
659 4599 695 4664 δι
706 4623 802 4668 cura:
831 4593 856 4668 li
870 4617 979 4668 autem
995 4593 1086 4668 liberi
1100 4650 1112 4680 ,
1138 4617 1285 4692 quorum
1301 4591 1437 4664 tutelam
1450 4613 1507 4662 aut
1525 4612 1637 4662 curam
1651 4568 1919 4658 administrabam,

300 4715 393 4767 erant
410 4691 598 4789 senatoris,
624 4719 693 4762 non
708 4689 894 4768 absolvetur
905 4721 925 4764 a
936 4693 1037 4766 tutela
1048 4701 1082 4768 δι
1095 4721 1194 4768 cura.
1213 4691 1298 4766 Illud
1312 4691 1387 4764 ideo
1400 4691 1478 4786 quia
1487 4692 1654 4762 Senatorio
1666 4681 1806 4780 dignitas
1821 4669 1906 4740 hanc

299 4792 553 4968 alteriup-otppalnlt
568 4794 735 4866 Senatorio
751 4791 888 4868 tutelam
903 4789 1023 4893 respuit
1038 4821 1046 4868 :
1070 4797 1310 4968 Senatprioque
1322 4789 1433 4866 ordini
1447 4795 1483 4862 dt
1496 4787 1648 4892 dignitati
1660 4783 1778 4880 injurio
1793 4771 1907 4965 fiptpltg
