<?xml version="1.0" encoding="UTF-8"?>
<!DOCTYPE html PUBLIC "-//W3C//DTD XHTML 1.0 Transitional//EN"
    "http://www.w3.org/TR/xhtml1/DTD/xhtml1-transitional.dtd">
<html xmlns="http://www.w3.org/1999/xhtml" xml:lang="en" lang="en">
 <head>
  <title>
</title>
<meta http-equiv="Content-Type" content="text/html;charset=utf-8" />
  <meta name='ocr-system' content='tesseract 3.04.00' />
  <meta name='ocr-capabilities' content='ocr_page ocr_carea ocr_par ocr_line ocrx_word'/>
</head>
<body>
  <div class='ocr_page' id='page_1' title='image "./jacobigothofred00godegoog_0098.png"; bbox 0 0 4724 5930; ppageno 0'>
   <div class='ocr_carea' id='block_1_1' title="bbox 661 214 993 445">
    <p class='ocr_par' dir='ltr' id='par_1_1' title="bbox 661 214 993 445">
     <span class='ocr_line' id='line_1_1' title="bbox 661 214 993 445; baseline 0.027 -70"><span class='ocrx_word' id='word_1_1' title='bbox 661 214 993 445; x_wconf 26' lang='lat' dir='ltr'>22u³⁹³</span> 
     </span>
    </p>
   </div>
   <div class='ocr_carea' id='block_1_2' title="bbox 294 577 2040 917">
    <p class='ocr_par' dir='ltr' id='par_1_2' title="bbox 294 577 2040 917">
     <span class='ocr_line' id='line_1_2' title="bbox 442 577 1672 710; baseline 0.006 -23"><span class='ocrx_word' id='word_1_2' title='bbox 442 629 544 708; x_wconf 45' lang='lat' dir='ltr'>m.</span> <span class='ocrx_word' id='word_1_3' title='bbox 656 577 1672 710; x_wconf 63' lang='lat' dir='ltr'>&#39;&#39;&#39;txconrooruornun1</span> 
     </span>
     <span class='ocr_line' id='line_1_3' title="bbox 294 705 2039 820; baseline 0.008 -34"><span class='ocrx_word' id='word_1_4' title='bbox 294 762 300 776; x_wconf 89' lang='lat'>·</span> <span class='ocrx_word' id='word_1_5' title='bbox 406 717 510 820; x_wconf 51' lang='lat' dir='ltr'>sans„</span> <span class='ocrx_word' id='word_1_6' title='bbox 539 723 666 790; x_wconf 78' lang='lat' dir='ltr'>Verum</span> <span class='ocrx_word' id='word_1_7' title='bbox 683 741 792 814; x_wconf 79' lang='lat' dir='ltr'>neque</span> <span class='ocrx_word' id='word_1_8' title='bbox 807 719 874 790; x_wconf 86' lang='lat' dir='ltr'>haec</span> <span class='ocrx_word' id='word_1_9' title='bbox 888 705 1115 819; x_wconf 56' lang='lat' dir='ltr'>interpretatio</span> <span class='ocrx_word' id='word_1_10' title='bbox 1129 715 1331 789; x_wconf 85' lang='lat' dir='ltr'>admittenda</span> <span class='ocrx_word' id='word_1_11' title='bbox 1344 720 1410 796; x_wconf 71' lang='lat' dir='ltr'>est.</span> <span class='ocrx_word' id='word_1_12' title='bbox 1435 725 1513 817; x_wconf 88' lang='lat' dir='ltr'>quia</span> <span class='ocrx_word' id='word_1_13' title='bbox 1531 775 1541 805; x_wconf 91' lang='lat'>‚</span> <span class='ocrx_word' id='word_1_14' title='bbox 1567 719 1730 818; x_wconf 90' lang='lat' dir='ltr'>quicquid</span> <span class='ocrx_word' id='word_1_15' title='bbox 1743 719 1875 796; x_wconf 85' lang='lat' dir='ltr'>tandem</span> <span class='ocrx_word' id='word_1_16' title='bbox 1890 723 2039 810; x_wconf 87' lang='lat' dir='ltr'>dicatur,</span> 
     </span>
     <span class='ocr_line' id='line_1_4' title="bbox 379 809 2040 917; baseline 0.008 -31"><span class='ocrx_word' id='word_1_17' title='bbox 379 841 394 859; x_wconf 91' lang='lat'>··</span> <span class='ocrx_word' id='word_1_18' title='bbox 437 840 635 913; x_wconf 85' lang='lat' dir='ltr'>procurator</span> <span class='ocrx_word' id='word_1_19' title='bbox 650 809 776 914; x_wconf 78' lang='lat' dir='ltr'>semper</span> <span class='ocrx_word' id='word_1_20' title='bbox 794 819 900 910; x_wconf 81' lang='lat' dir='ltr'>alieno</span> <span class='ocrx_word' id='word_1_21' title='bbox 916 820 1058 914; x_wconf 77' lang='lat' dir='ltr'>nomine</span> <span class='ocrx_word' id='word_1_22' title='bbox 1070 813 1157 917; x_wconf 72' lang='lat' dir='ltr'>agit.</span> <span class='ocrx_word' id='word_1_23' title='bbox 1182 815 1239 886; x_wconf 86' lang='lat' dir='ltr'>etsr</span> <span class='ocrx_word' id='word_1_24' title='bbox 1265 839 1324 912; x_wconf 88' lang='lat' dir='ltr'>per</span> <span class='ocrx_word' id='word_1_25' title='bbox 1338 817 1403 890; x_wconf 79' lang='lat' dir='ltr'>litis</span> <span class='ocrx_word' id='word_1_26' title='bbox 1415 821 1686 892; x_wconf 87' lang='lat' dir='ltr'>contestationem</span> <span class='ocrx_word' id='word_1_27' title='bbox 1702 820 1767 892; x_wconf 91' lang='lat' dir='ltr'>litis</span> <span class='ocrx_word' id='word_1_28' title='bbox 1795 823 1951 895; x_wconf 87' lang='lat' dir='ltr'>dominus</span> <span class='ocrx_word' id='word_1_29' title='bbox 1968 823 2040 898; x_wconf 90' lang='lat' dir='ltr'>cffi-</span> 
     </span>
    </p>
   </div>
   <div class='ocr_carea' id='block_1_3' title="bbox 437 912 2040 1027">
    <p class='ocr_par' dir='ltr' id='par_1_3' title="bbox 437 879 2344 2122">
     <span class='ocr_line' id='line_1_5' title="bbox 437 912 2040 1027; baseline 0.007 -39"><span class='ocrx_word' id='word_1_30' title='bbox 437 920 540 988; x_wconf 88' lang='lat' dir='ltr'>ciatur</span> <span class='ocrx_word' id='word_1_31' title='bbox 555 972 563 990; x_wconf 98' lang='lat'><em>.</em></span> <span class='ocrx_word' id='word_1_32' title='bbox 591 927 718 1005; x_wconf 88' lang='lat' dir='ltr'>Quarta</span> <span class='ocrx_word' id='word_1_33' title='bbox 732 912 890 990; x_wconf 90' lang='lat' dir='ltr'>sententia</span> <span class='ocrx_word' id='word_1_34' title='bbox 905 917 1128 1012; x_wconf 52' lang='lat' dir='ltr'>Mdv-intel,</span> <span class='ocrx_word' id='word_1_35' title='bbox 1142 913 1223 1014; x_wconf 65' lang='lat' dir='ltr'>‘alioq</span> <span class='ocrx_word' id='word_1_36' title='bbox 1237 913 1383 988; x_wconf 88' lang='lat' dir='ltr'>Brillonii</span> <span class='ocrx_word' id='word_1_37' title='bbox 1398 918 1453 992; x_wconf 86' lang='lat' dir='ltr'>lib.</span> <span class='ocrx_word' id='word_1_38' title='bbox 1469 952 1505 1010; x_wconf 84' lang='lat'>4.</span> <span class='ocrx_word' id='word_1_39' title='bbox 1513 922 1613 1010; x_wconf 65' lang='lat' dir='ltr'>selebi.</span> <span class='ocrx_word' id='word_1_40' title='bbox 1638 920 1811 1018; x_wconf 74' lang='lat' dir='ltr'>Antiquit.</span> <span class='ocrx_word' id='word_1_41' title='bbox 1840 947 1909 1027; x_wconf 83' lang='lat' dir='ltr'>cap.</span> <span class='ocrx_word' id='word_1_42' title='bbox 1932 952 1987 996; x_wconf 85' lang='lat' dir='ltr'>ao.</span> <span class='ocrx_word' id='word_1_43' title='bbox 2003 935 2040 999; x_wconf 74' lang='grc' dir='ltr'>δε</span> 
     </span>
    </p>
   </div>
   <div class='ocr_carea' id='block_1_4' title="bbox 194 1003 2167 4892">
    <p class='ocr_par' dir='ltr' id='par_1_4' title="bbox 194 1003 2167 4197">
     <span class='ocr_line' id='line_1_6' title="bbox 437 1003 2039 1122; baseline 0.007 -35"><span class='ocrx_word' id='word_1_44' title='bbox 437 1017 590 1112; x_wconf 83' lang='lat' dir='ltr'>Gipltanii</span> <span class='ocrx_word' id='word_1_45' title='bbox 603 1017 657 1091; x_wconf 85' lang='lat' dir='ltr'>lib.</span> <span class='ocrx_word' id='word_1_46' title='bbox 680 1044 710 1090; x_wconf 91' lang='lat'>1.</span> <span class='ocrx_word' id='word_1_47' title='bbox 727 1043 797 1120; x_wconf 78' lang='lat' dir='ltr'>cap.</span> <span class='ocrx_word' id='word_1_48' title='bbox 814 1024 872 1091; x_wconf 80' lang='lat' dir='ltr'>alt.</span> <span class='ocrx_word' id='word_1_49' title='bbox 889 1003 1097 1114; x_wconf 79' lang='lat' dir='ltr'>aliorumque</span> <span class='ocrx_word' id='word_1_50' title='bbox 1109 1011 1286 1122; x_wconf 72' lang='lat' dir='ltr'>deinceps)</span> <span class='ocrx_word' id='word_1_51' title='bbox 1306 1015 1390 1090; x_wconf 89' lang='lat' dir='ltr'>hanc</span> <span class='ocrx_word' id='word_1_52' title='bbox 1402 1019 1566 1120; x_wconf 82' lang='lat' dir='ltr'>Regulam</span> <span class='ocrx_word' id='word_1_53' title='bbox 1579 1022 1808 1114; x_wconf 86' lang='lat' dir='ltr'>accipientium</span> <span class='ocrx_word' id='word_1_54' title='bbox 1821 1021 1862 1093; x_wconf 90' lang='lat' dir='ltr'>de</span> <span class='ocrx_word' id='word_1_55' title='bbox 1878 1023 1980 1094; x_wconf 87' lang='lat' dir='ltr'>tribus</span> <span class='ocrx_word' id='word_1_56' title='bbox 1995 1025 2039 1099; x_wconf 88' lang='lat' dir='ltr'>le-</span> 
     </span>
     <span class='ocr_line' id='line_1_7' title="bbox 436 1111 2039 1215; baseline 0.006 -29"><span class='ocrx_word' id='word_1_57' title='bbox 436 1115 703 1215; x_wconf 68' lang='lat' dir='ltr'>gisaclionibus,</span> <span class='ocrx_word' id='word_1_58' title='bbox 729 1112 783 1190; x_wconf 90' lang='lat' dir='ltr'>seu</span> <span class='ocrx_word' id='word_1_59' title='bbox 801 1118 842 1190; x_wconf 91' lang='lat' dir='ltr'>de</span> <span class='ocrx_word' id='word_1_60' title='bbox 856 1115 980 1190; x_wconf 75' lang='lat' dir='ltr'>actibus</span> <span class='ocrx_word' id='word_1_61' title='bbox 995 1123 1015 1193; x_wconf 94' lang='lat' dir='ltr'>J</span> <span class='ocrx_word' id='word_1_62' title='bbox 1018 1111 1235 1187; x_wconf 72' lang='lat' dir='ltr'>unsdimonis</span> <span class='ocrx_word' id='word_1_63' title='bbox 1247 1113 1437 1188; x_wconf 76' lang='lat' dir='ltr'>voluntaria</span> <span class='ocrx_word' id='word_1_64' title='bbox 1451 1170 1460 1197; x_wconf 87' lang='lat'>,</span> <span class='ocrx_word' id='word_1_65' title='bbox 1478 1141 1558 1215; x_wconf 87' lang='lat' dir='ltr'>puta</span> <span class='ocrx_word' id='word_1_66' title='bbox 1575 1119 1617 1190; x_wconf 91' lang='lat' dir='ltr'>de</span> <span class='ocrx_word' id='word_1_67' title='bbox 1641 1118 1844 1214; x_wconf 86' lang='lat' dir='ltr'>adoptione,</span> <span class='ocrx_word' id='word_1_68' title='bbox 1861 1121 2039 1196; x_wconf 85' lang='lat' dir='ltr'>manumis-</span> 
     </span>
     <span class='ocr_line' id='line_1_8' title="bbox 438 1211 2038 1321; baseline 0.004 -33"><span class='ocrx_word' id='word_1_69' title='bbox 438 1215 551 1300; x_wconf 90' lang='lat' dir='ltr'>stone,</span> <span class='ocrx_word' id='word_1_70' title='bbox 579 1221 839 1313; x_wconf 82' lang='lat' dir='ltr'>emancipatione</span> <span class='ocrx_word' id='word_1_71' title='bbox 856 1221 868 1306; x_wconf 89' lang='lat'><strong>(</strong></span> <span class='ocrx_word' id='word_1_72' title='bbox 881 1243 954 1314; x_wconf 88' lang='lat' dir='ltr'>quae</span> <span class='ocrx_word' id='word_1_73' title='bbox 966 1211 1125 1316; x_wconf 81' lang='lat' dir='ltr'>sanelegis</span> <span class='ocrx_word' id='word_1_74' title='bbox 1140 1213 1274 1286; x_wconf 72' lang='lat' dir='ltr'>ailianae</span> <span class='ocrx_word' id='word_1_75' title='bbox 1287 1215 1443 1288; x_wconf 91' lang='lat' dir='ltr'>dicuntur</span> <span class='ocrx_word' id='word_1_76' title='bbox 1454 1223 1476 1289; x_wconf 91' lang='lat' dir='ltr'>l.</span> <span class='ocrx_word' id='word_1_77' title='bbox 1488 1249 1522 1310; x_wconf 88' lang='lat'>4.</span> <span class='ocrx_word' id='word_1_78' title='bbox 1534 1229 1580 1292; x_wconf 90' lang='lat' dir='ltr'>D.</span> <span class='ocrx_word' id='word_1_79' title='bbox 1596 1219 1634 1289; x_wconf 84' lang='lat' dir='ltr'>de</span> <span class='ocrx_word' id='word_1_80' title='bbox 1646 1221 1751 1321; x_wconf 83' lang='lat' dir='ltr'><em>adopt.</em></span> <span class='ocrx_word' id='word_1_81' title='bbox 1767 1224 1788 1289; x_wconf 86' lang='lat' dir='ltr'>l.</span> <span class='ocrx_word' id='word_1_82' title='bbox 1809 1229 1893 1311; x_wconf 81' lang='lat' dir='ltr'><em>3.D.</em></span> <span class='ocrx_word' id='word_1_83' title='bbox 1910 1225 1948 1292; x_wconf 85' lang='lat' dir='ltr'>de</span> <span class='ocrx_word' id='word_1_84' title='bbox 1960 1227 2038 1318; x_wconf 78' lang='lat' dir='ltr'>offic.</span> 
     </span>
     <span class='ocr_line' id='line_1_9' title="bbox 440 1315 2039 1418; baseline 0.001 -28"><span class='ocrx_word' id='word_1_85' title='bbox 440 1316 621 1406; x_wconf 71' lang='lat' dir='ltr'>Proconfil.</span> <span class='ocrx_word' id='word_1_86' title='bbox 637 1326 725 1389; x_wconf 86' lang='lat' dir='ltr'>r.&#39;D.</span> <span class='ocrx_word' id='word_1_87' title='bbox 739 1320 777 1388; x_wconf 86' lang='lat' dir='ltr'>de</span> <span class='ocrx_word' id='word_1_88' title='bbox 789 1317 840 1411; x_wconf 76' lang='lat' dir='ltr'>effi</span> <span class='ocrx_word' id='word_1_89' title='bbox 854 1317 964 1406; x_wconf 81' lang='lat' dir='ltr'>Jurid.</span> <span class='ocrx_word' id='word_1_90' title='bbox 977 1321 1001 1388; x_wconf 86' lang='grc' dir='ltr'>Ι.</span> <span class='ocrx_word' id='word_1_91' title='bbox 1020 1341 1050 1387; x_wconf 91' lang='lat' dir='ltr'>r.</span> <span class='ocrx_word' id='word_1_92' title='bbox 1069 1325 1106 1388; x_wconf 89' lang='lat' dir='ltr'>C.</span> <span class='ocrx_word' id='word_1_93' title='bbox 1120 1317 1273 1418; x_wconf 81' lang='lat' dir='ltr'>deadopt.</span> <span class='ocrx_word' id='word_1_94' title='bbox 1288 1319 1382 1386; x_wconf 89' lang='lat' dir='ltr'>Nov.</span> <span class='ocrx_word' id='word_1_95' title='bbox 1402 1319 1522 1409; x_wconf 78' lang='lat' dir='ltr'>Jastin.</span> <span class='ocrx_word' id='word_1_96' title='bbox 1540 1321 1598 1408; x_wconf 91' lang='lat'>87.</span> <span class='ocrx_word' id='word_1_97' title='bbox 1620 1319 1755 1414; x_wconf 87' lang='lat' dir='ltr'>&amp;apud</span> <span class='ocrx_word' id='word_1_98' title='bbox 1771 1315 1952 1413; x_wconf 82' lang='lat' dir='ltr'>Vopiscum</span> <span class='ocrx_word' id='word_1_99' title='bbox 1970 1373 1979 1405; x_wconf 83' lang='lat'>,</span> <span class='ocrx_word' id='word_1_100' title='bbox 2001 1324 2039 1396; x_wconf 77' lang='lat' dir='ltr'>ia</span> 
     </span>
     <span class='ocr_line' id='line_1_10' title="bbox 441 1408 2039 1508; baseline -0.001 -20"><span class='ocrx_word' id='word_1_101' title='bbox 441 1417 514 1488; x_wconf 83' lang='lat' dir='ltr'>vita</span> <span class='ocrx_word' id='word_1_102' title='bbox 528 1415 725 1502; x_wconf 79' lang='lat' dir='ltr'>Aureliani,</span> <span class='ocrx_word' id='word_1_103' title='bbox 751 1423 787 1488; x_wconf 70' lang='grc' dir='ltr'>ὃ(</span> <span class='ocrx_word' id='word_1_104' title='bbox 800 1417 888 1488; x_wconf 84' lang='lat' dir='ltr'>Paul.</span> <span class='ocrx_word' id='word_1_105' title='bbox 900 1415 955 1488; x_wconf 85' lang='lat' dir='ltr'>lilt.</span> <span class='ocrx_word' id='word_1_106' title='bbox 974 1443 1006 1486; x_wconf 86' lang='lat'>2.</span> <span class='ocrx_word' id='word_1_107' title='bbox 1009 1413 1091 1506; x_wconf 66' lang='lat' dir='ltr'>sint.</span> <span class='ocrx_word' id='word_1_108' title='bbox 1113 1441 1169 1508; x_wconf 85' lang='lat'>25.</span> <span class='ocrx_word' id='word_1_109' title='bbox 1185 1421 1213 1494; x_wconf 83' lang='lat'>§.</span> <span class='ocrx_word' id='word_1_110' title='bbox 1232 1445 1265 1503; x_wconf 89' lang='lat'>4.</span> <span class='ocrx_word' id='word_1_111' title='bbox 1280 1421 1293 1506; x_wconf 70' lang='lat' dir='ltr'>l</span> <span class='ocrx_word' id='word_1_112' title='bbox 1311 1411 1366 1486; x_wconf 87' lang='lat' dir='ltr'>ubi</span> <span class='ocrx_word' id='word_1_113' title='bbox 1381 1408 1454 1487; x_wconf 81' lang='lat' dir='ltr'>sane</span> <span class='ocrx_word' id='word_1_114' title='bbox 1467 1445 1581 1491; x_wconf 87' lang='lat' dir='ltr'>verum</span> <span class='ocrx_word' id='word_1_115' title='bbox 1593 1419 1638 1488; x_wconf 90' lang='lat' dir='ltr'>cst</span> <span class='ocrx_word' id='word_1_116' title='bbox 1651 1467 1661 1496; x_wconf 90' lang='lat'>,</span> <span class='ocrx_word' id='word_1_117' title='bbox 1678 1420 1844 1488; x_wconf 87' lang='lat' dir='ltr'>neminem</span> <span class='ocrx_word' id='word_1_118' title='bbox 1857 1418 1963 1492; x_wconf 84' lang='lat' dir='ltr'>alieno</span> <span class='ocrx_word' id='word_1_119' title='bbox 1976 1449 2039 1494; x_wconf 86' lang='lat' dir='ltr'>tto·</span> 
     </span>
     <span class='ocr_line' id='line_1_11' title="bbox 299 1511 2038 1615; baseline 0.003 -29"><span class='ocrx_word' id='word_1_120' title='bbox 299 1533 303 1544; x_wconf 87' lang='grc'>·</span> <span class='ocrx_word' id='word_1_121' title='bbox 439 1519 531 1588; x_wconf 88' lang='lat' dir='ltr'>mine</span> <span class='ocrx_word' id='word_1_122' title='bbox 548 1515 605 1588; x_wconf 85' lang='lat' dir='ltr'>has</span> <span class='ocrx_word' id='word_1_123' title='bbox 622 1515 700 1615; x_wconf 86' lang='lat' dir='ltr'>legis</span> <span class='ocrx_word' id='word_1_124' title='bbox 718 1519 861 1588; x_wconf 74' lang='lat' dir='ltr'>actiones</span> <span class='ocrx_word' id='word_1_125' title='bbox 875 1542 1020 1589; x_wconf 86' lang='lat' dir='ltr'>exercerc</span> <span class='ocrx_word' id='word_1_126' title='bbox 1036 1511 1148 1612; x_wconf 85' lang='lat' dir='ltr'>polle,</span> <span class='ocrx_word' id='word_1_127' title='bbox 1174 1513 1289 1593; x_wconf 89' lang='lat' dir='ltr'>idest,</span> <span class='ocrx_word' id='word_1_128' title='bbox 1314 1539 1544 1610; x_wconf 84' lang='lat' dir='ltr'>procuratores</span> <span class='ocrx_word' id='word_1_129' title='bbox 1560 1520 1595 1590; x_wconf 94' lang='lat' dir='ltr'>in</span> <span class='ocrx_word' id='word_1_130' title='bbox 1610 1519 1647 1588; x_wconf 86' lang='lat' dir='ltr'>iis</span> <span class='ocrx_word' id='word_1_131' title='bbox 1661 1515 1784 1588; x_wconf 67' lang='lat' dir='ltr'>astibus</span> <span class='ocrx_word' id='word_1_132' title='bbox 1801 1545 1869 1589; x_wconf 89' lang='lat' dir='ltr'>non</span> <span class='ocrx_word' id='word_1_133' title='bbox 1886 1519 2038 1603; x_wconf 87' lang='lat' dir='ltr'>admitti,</span> 
     </span>
     <span class='ocr_line' id='line_1_12' title="bbox 438 1611 2038 1721; baseline 0.004 -35"><span class='ocrx_word' id='word_1_134' title='bbox 438 1613 532 1712; x_wconf 89' lang='lat' dir='ltr'>quod</span> <span class='ocrx_word' id='word_1_135' title='bbox 550 1615 590 1686; x_wconf 88' lang='lat' dir='ltr'>de</span> <span class='ocrx_word' id='word_1_136' title='bbox 605 1611 785 1710; x_wconf 72' lang='lat' dir='ltr'>adoptione</span> <span class='ocrx_word' id='word_1_137' title='bbox 801 1619 999 1690; x_wconf 89' lang='lat' dir='ltr'>nominatim</span> <span class='ocrx_word' id='word_1_138' title='bbox 1014 1617 1145 1688; x_wconf 88' lang='lat' dir='ltr'>testatur</span> <span class='ocrx_word' id='word_1_139' title='bbox 1156 1619 1179 1686; x_wconf 90' lang='lat' dir='ltr'>l.</span> <span class='ocrx_word' id='word_1_140' title='bbox 1199 1643 1254 1704; x_wconf 85' lang='lat'>24·</span> <span class='ocrx_word' id='word_1_141' title='bbox 1275 1641 1332 1704; x_wconf 83' lang='lat'>25.</span> <span class='ocrx_word' id='word_1_142' title='bbox 1349 1615 1622 1721; x_wconf 77' lang='lat' dir='ltr'>D.dcadoption.</span> <span class='ocrx_word' id='word_1_143' title='bbox 1651 1613 1692 1686; x_wconf 88' lang='lat' dir='ltr'>de</span> <span class='ocrx_word' id='word_1_144' title='bbox 1714 1615 1965 1690; x_wconf 77' lang='lat' dir='ltr'>manumissione</span> <span class='ocrx_word' id='word_1_145' title='bbox 1980 1645 2038 1714; x_wconf 90' lang='lat' dir='ltr'>per</span> 
     </span>
     <span class='ocr_line' id='line_1_13' title="bbox 437 1713 2036 1820; baseline 0.005 -34"><span class='ocrx_word' id='word_1_146' title='bbox 437 1715 617 1786; x_wconf 63' lang='lat' dir='ltr'>vindictam</span> <span class='ocrx_word' id='word_1_147' title='bbox 632 1717 753 1810; x_wconf 87' lang='lat' dir='ltr'>pariter</span> <span class='ocrx_word' id='word_1_148' title='bbox 767 1713 865 1788; x_wconf 85' lang='lat' dir='ltr'>fidem</span> <span class='ocrx_word' id='word_1_149' title='bbox 882 1715 958 1788; x_wconf 84' lang='lat' dir='ltr'>facit</span> <span class='ocrx_word' id='word_1_150' title='bbox 986 1721 1039 1787; x_wconf 83' lang='lat' dir='ltr'>lex</span> <span class='ocrx_word' id='word_1_151' title='bbox 1049 1719 1168 1820; x_wconf 81' lang='lat' dir='ltr'>penult.</span> <span class='ocrx_word' id='word_1_152' title='bbox 1186 1723 1232 1786; x_wconf 90' lang='lat' dir='ltr'>D.</span> <span class='ocrx_word' id='word_1_153' title='bbox 1250 1714 1310 1808; x_wconf 79' lang='lat' dir='ltr'>qni</span> <span class='ocrx_word' id='word_1_154' title='bbox 1322 1715 1529 1800; x_wconf 79' lang='lat' dir='ltr'>manumitti,</span> <span class='ocrx_word' id='word_1_155' title='bbox 1554 1723 1576 1788; x_wconf 86' lang='lat' dir='ltr'>l.</span> <span class='ocrx_word' id='word_1_156' title='bbox 1587 1741 1659 1818; x_wconf 80' lang='lat' dir='ltr'>pen.</span> <span class='ocrx_word' id='word_1_157' title='bbox 1676 1725 1711 1787; x_wconf 90' lang='lat' dir='ltr'>C.</span> <span class='ocrx_word' id='word_1_158' title='bbox 1730 1719 1768 1788; x_wconf 85' lang='lat' dir='ltr'>de</span> <span class='ocrx_word' id='word_1_159' title='bbox 1785 1743 1927 1789; x_wconf 84' lang='lat' dir='ltr'>manum.</span> <span class='ocrx_word' id='word_1_160' title='bbox 1943 1719 2036 1794; x_wconf 82' lang='lat' dir='ltr'>vind.</span> 
     </span>
     <span class='ocr_line' id='line_1_14' title="bbox 438 1811 2167 1911; baseline -0.002 -26"><span class='ocrx_word' id='word_1_161' title='bbox 438 1837 572 1910; x_wconf 81' lang='lat' dir='ltr'>excepto</span> <span class='ocrx_word' id='word_1_162' title='bbox 592 1835 722 1886; x_wconf 88' lang='lat' dir='ltr'>tantum</span> <span class='ocrx_word' id='word_1_163' title='bbox 739 1811 886 1888; x_wconf 77' lang='lat' dir='ltr'>filiolam.</span> <span class='ocrx_word' id='word_1_164' title='bbox 901 1839 1073 1911; x_wconf 85' lang='lat' dir='ltr'>perquem</span> <span class='ocrx_word' id='word_1_165' title='bbox 1085 1814 1296 1886; x_wconf 85' lang='lat' dir='ltr'>manumiffio</span> <span class='ocrx_word' id='word_1_166' title='bbox 1309 1811 1486 1908; x_wconf 83' lang='lat' dir='ltr'>procedere</span> <span class='ocrx_word' id='word_1_167' title='bbox 1497 1819 1602 1911; x_wconf 89' lang='lat' dir='ltr'>potest</span> <span class='ocrx_word' id='word_1_168' title='bbox 1617 1868 1626 1895; x_wconf 94' lang='lat'>,</span> <span class='ocrx_word' id='word_1_169' title='bbox 1639 1819 1663 1884; x_wconf 89' lang='lat' dir='ltr'>l.</span> <span class='ocrx_word' id='word_1_170' title='bbox 1684 1819 2038 1890; x_wconf 64' lang='lat' dir='ltr'>rerumrerum.</span> <span class='ocrx_word' id='word_1_171' title='bbox 2161 1856 2167 1871; x_wconf 56' lang='grc' dir='ltr'>ι</span> 
     </span>
     <span class='ocr_line' id='line_1_15' title="bbox 437 1912 2039 2010; baseline 0.002 -24"><span class='ocrx_word' id='word_1_172' title='bbox 437 1913 517 2008; x_wconf 77' lang='lat' dir='ltr'>aniffl</span> <span class='ocrx_word' id='word_1_173' title='bbox 531 1920 554 1985; x_wconf 87' lang='lat' dir='ltr'>I.</span> <span class='ocrx_word' id='word_1_174' title='bbox 564 1943 599 2005; x_wconf 89' lang='lat'>4.</span> <span class='ocrx_word' id='word_1_175' title='bbox 619 1941 675 1986; x_wconf 88' lang='lat' dir='ltr'>ro.</span> <span class='ocrx_word' id='word_1_176' title='bbox 691 1941 745 1988; x_wconf 86' lang='lat'>12.</span> <span class='ocrx_word' id='word_1_177' title='bbox 768 1943 823 1986; x_wconf 87' lang='lat'>22.</span> <span class='ocrx_word' id='word_1_178' title='bbox 843 1912 1126 2008; x_wconf 72' lang='lat' dir='ltr'>Ddemanumiff</span> <span class='ocrx_word' id='word_1_179' title='bbox 1146 1913 1238 1984; x_wconf 80' lang='lat' dir='ltr'>vind.</span> <span class='ocrx_word' id='word_1_180' title='bbox 1254 1914 1296 1985; x_wconf 89' lang='lat' dir='ltr'>de</span> <span class='ocrx_word' id='word_1_181' title='bbox 1308 1915 1570 2006; x_wconf 86' lang='lat' dir='ltr'>emancipatione</span> <span class='ocrx_word' id='word_1_182' title='bbox 1594 1937 1825 2010; x_wconf 83' lang='lat' dir='ltr'>argumentum</span> <span class='ocrx_word' id='word_1_183' title='bbox 1872 1915 1969 1988; x_wconf 82' lang='lat' dir='ltr'>rabet</span> <span class='ocrx_word' id='word_1_184' title='bbox 1990 1917 2039 1990; x_wconf 82' lang='lat' dir='ltr'>lex</span> 
     </span>
     <span class='ocr_line' id='line_1_16' title="bbox 314 1939 2039 2118; baseline 0.003 -34"><span class='ocrx_word' id='word_1_185' title='bbox 314 2103 317 2111; x_wconf 25' lang='grc' dir='ltr'>Ι</span> <span class='ocrx_word' id='word_1_186' title='bbox 387 2037 400 2056; x_wconf 68' lang='grc'><em>”</em></span> <span class='ocrx_word' id='word_1_187' title='bbox 433 2039 507 2118; x_wconf 83' lang='lat' dir='ltr'>pen.</span> <span class='ocrx_word' id='word_1_188' title='bbox 520 2016 643 2086; x_wconf 75' lang='lat' dir='ltr'>Gadda</span> <span class='ocrx_word' id='word_1_189' title='bbox 656 2013 844 2118; x_wconf 79' lang='lat' dir='ltr'>emancipat.</span> <span class='ocrx_word' id='word_1_190' title='bbox 857 2022 984 2086; x_wconf 86' lang='lat' dir='ltr'>Verum</span> <span class='ocrx_word' id='word_1_191' title='bbox 998 2011 1062 2084; x_wconf 88' lang='lat' dir='ltr'>alio</span> <span class='ocrx_word' id='word_1_192' title='bbox 1076 2007 1168 2084; x_wconf 88' lang='lat' dir='ltr'>sensu</span> <span class='ocrx_word' id='word_1_193' title='bbox 1190 2011 1251 2084; x_wconf 85' lang='lat' dir='ltr'>hac</span> <span class='ocrx_word' id='word_1_194' title='bbox 1267 2018 1353 2110; x_wconf 84' lang='lat' dir='ltr'>ch.</span> <span class='ocrx_word' id='word_1_195' title='bbox 1367 2013 1437 2108; x_wconf 83' lang='lat' dir='ltr'>&#39;lege</span> <span class='ocrx_word' id='word_1_196' title='bbox 1448 2014 1503 2110; x_wconf 78' lang='lat' dir='ltr'>agi</span> <span class='ocrx_word' id='word_1_197' title='bbox 1527 2011 1592 2085; x_wconf 88' lang='lat' dir='ltr'>dici</span> <span class='ocrx_word' id='word_1_198' title='bbox 1607 2071 1618 2098; x_wconf 84' lang='lat'>,</span> <span class='ocrx_word' id='word_1_199' title='bbox 1632 2037 1734 2118; x_wconf 86' lang='lat' dir='ltr'>quarn</span> <span class='ocrx_word' id='word_1_200' title='bbox 1752 2039 1822 2112; x_wconf 91' lang='lat' dir='ltr'>quo</span> <span class='ocrx_word' id='word_1_201' title='bbox 1846 1939 1935 2085; x_wconf 70' lang='lat' dir='ltr'>sensu</span> <span class='ocrx_word' id='word_1_202' title='bbox 1962 2018 2039 2117; x_wconf 81' lang='lat' dir='ltr'>legis</span> 
     </span>
     <span class='ocr_line' id='line_1_17' title="bbox 194 2110 2038 2212; baseline 0.001 -28"><span class='ocrx_word' id='word_1_203' title='bbox 194 2118 196 2127; x_wconf 59' lang='lat'><strong>⁴</strong></span> <span class='ocrx_word' id='word_1_204' title='bbox 437 2113 569 2184; x_wconf 65' lang='lat' dir='ltr'>aslianes</span> <span class='ocrx_word' id='word_1_205' title='bbox 586 2111 763 2199; x_wconf 88' lang='lat' dir='ltr'>dicuntur,</span> <span class='ocrx_word' id='word_1_206' title='bbox 790 2141 869 2189; x_wconf 91' lang='lat' dir='ltr'>mox</span> <span class='ocrx_word' id='word_1_207' title='bbox 883 2113 1091 2188; x_wconf 88' lang='lat' dir='ltr'>ostendetur.</span> <span class='ocrx_word' id='word_1_208' title='bbox 1118 2115 1217 2186; x_wconf 87' lang='lat' dir='ltr'>Certe</span> <span class='ocrx_word' id='word_1_209' title='bbox 1232 2111 1392 2211; x_wconf 86' lang='lat' dir='ltr'>generalia</span> <span class='ocrx_word' id='word_1_210' title='bbox 1404 2111 1471 2183; x_wconf 85' lang='lat' dir='ltr'>hacc</span> <span class='ocrx_word' id='word_1_211' title='bbox 1489 2110 1605 2198; x_wconf 85' lang='lat' dir='ltr'>verba,</span> <span class='ocrx_word' id='word_1_212' title='bbox 1622 2120 1686 2212; x_wconf 76' lang='lat' dir='ltr'>lege</span> <span class='ocrx_word' id='word_1_213' title='bbox 1699 2139 1805 2212; x_wconf 80' lang='lat' dir='ltr'>agere,</span> <span class='ocrx_word' id='word_1_214' title='bbox 1824 2139 1893 2182; x_wconf 90' lang='lat' dir='ltr'>non</span> <span class='ocrx_word' id='word_1_215' title='bbox 1904 2119 2038 2208; x_wconf 75' lang='lat' dir='ltr'>patiun-</span> 
     </span>
     <span class='ocr_line' id='line_1_18' title="bbox 332 2209 1232 2314; baseline -0.004 -28"><span class='ocrx_word' id='word_1_216' title='bbox 332 2277 335 2286; x_wconf 80' lang='grc'>,</span> <span class='ocrx_word' id='word_1_217' title='bbox 439 2233 494 2285; x_wconf 89' lang='lat' dir='ltr'>tur</span> <span class='ocrx_word' id='word_1_218' title='bbox 512 2209 575 2284; x_wconf 88' lang='lat' dir='ltr'>sese</span> <span class='ocrx_word' id='word_1_219' title='bbox 590 2213 630 2284; x_wconf 88' lang='lat' dir='ltr'>ad</span> <span class='ocrx_word' id='word_1_220' title='bbox 644 2237 707 2286; x_wconf 89' lang='lat' dir='ltr'>tres</span> <span class='ocrx_word' id='word_1_221' title='bbox 722 2214 790 2286; x_wconf 83' lang='lat' dir='ltr'>illas</span> <span class='ocrx_word' id='word_1_222' title='bbox 805 2213 884 2314; x_wconf 84' lang='lat' dir='ltr'>legis</span> <span class='ocrx_word' id='word_1_223' title='bbox 899 2215 1043 2286; x_wconf 69' lang='lat' dir='ltr'>astiones</span> <span class='ocrx_word' id='word_1_224' title='bbox 1058 2212 1205 2310; x_wconf 86' lang='lat' dir='ltr'>restringi</span> <span class='ocrx_word' id='word_1_225' title='bbox 1223 2263 1232 2282; x_wconf 93' lang='lat'><em>.</em></span> 
     </span>
     <span class='ocr_line' id='line_1_19' title="bbox 487 2307 2065 2414; baseline 0 -32"><span class='ocrx_word' id='word_1_226' title='bbox 487 2314 614 2399; x_wconf 87' lang='lat' dir='ltr'>Quinta</span> <span class='ocrx_word' id='word_1_227' title='bbox 630 2307 785 2386; x_wconf 88' lang='lat' dir='ltr'>sententia</span> <span class='ocrx_word' id='word_1_228' title='bbox 800 2311 843 2384; x_wconf 88' lang='lat' dir='ltr'>est</span> <span class='ocrx_word' id='word_1_229' title='bbox 858 2339 996 2396; x_wconf 88' lang='lat' dir='ltr'>eorum,</span> <span class='ocrx_word' id='word_1_230' title='bbox 1023 2315 1082 2406; x_wconf 88' lang='lat' dir='ltr'>qui</span> <span class='ocrx_word' id='word_1_231' title='bbox 1096 2312 1179 2384; x_wconf 85' lang='lat' dir='ltr'>hauc</span> <span class='ocrx_word' id='word_1_232' title='bbox 1192 2309 1214 2381; x_wconf 95' lang='lat' dir='ltr'>l.</span> <span class='ocrx_word' id='word_1_233' title='bbox 1224 2312 1389 2404; x_wconf 88' lang='lat' dir='ltr'>accipiunt</span> <span class='ocrx_word' id='word_1_234' title='bbox 1403 2311 1444 2384; x_wconf 88' lang='lat' dir='ltr'>de</span> <span class='ocrx_word' id='word_1_235' title='bbox 1457 2309 1609 2411; x_wconf 81' lang='lat' dir='ltr'>legitimis</span> <span class='ocrx_word' id='word_1_236' title='bbox 1623 2308 1766 2390; x_wconf 70' lang='lat' dir='ltr'>astibus,</span> <span class='ocrx_word' id='word_1_237' title='bbox 1781 2309 1822 2383; x_wconf 88' lang='lat' dir='ltr'>de</span> <span class='ocrx_word' id='word_1_238' title='bbox 1837 2311 2036 2414; x_wconf 85' lang='lat' dir='ltr'>quibusagi·</span> <span class='ocrx_word' id='word_1_239' title='bbox 2062 2374 2065 2382; x_wconf 87' lang='grc'><strong><em>,</em></strong></span> 
     </span>
     <span class='ocr_line' id='line_1_20' title="bbox 436 2409 2037 2516; baseline 0.004 -36"><span class='ocrx_word' id='word_1_240' title='bbox 436 2431 492 2480; x_wconf 89' lang='lat' dir='ltr'>tur</span> <span class='ocrx_word' id='word_1_241' title='bbox 504 2416 527 2483; x_wconf 92' lang='lat' dir='ltr'>l.</span> <span class='ocrx_word' id='word_1_242' title='bbox 546 2413 707 2516; x_wconf 76' lang='lat' dir='ltr'>77.fhpra</span> <span class='ocrx_word' id='word_1_243' title='bbox 720 2413 754 2482; x_wconf 93' lang='lat' dir='ltr'>in</span> <span class='ocrx_word' id='word_1_244' title='bbox 770 2409 940 2509; x_wconf 88' lang='lat' dir='ltr'>quibus&amp;</span> <span class='ocrx_word' id='word_1_245' title='bbox 955 2414 1108 2502; x_wconf 82' lang='lat' dir='ltr'>Cujacius</span> <span class='ocrx_word' id='word_1_246' title='bbox 1123 2461 1134 2492; x_wconf 96' lang='lat'>,</span> <span class='ocrx_word' id='word_1_247' title='bbox 1161 2411 1219 2506; x_wconf 88' lang='lat' dir='ltr'>qui</span> <span class='ocrx_word' id='word_1_248' title='bbox 1235 2413 1270 2479; x_wconf 80' lang='lat' dir='ltr'>dc</span> <span class='ocrx_word' id='word_1_249' title='bbox 1285 2410 1360 2482; x_wconf 89' lang='lat' dir='ltr'>ideo</span> <span class='ocrx_word' id='word_1_250' title='bbox 1375 2412 1426 2483; x_wconf 89' lang='lat' dir='ltr'>hic</span> <span class='ocrx_word' id='word_1_251' title='bbox 1440 2410 1597 2483; x_wconf 68' lang='lat' dir='ltr'>lectorem</span> <span class='ocrx_word' id='word_1_252' title='bbox 1622 2415 1758 2483; x_wconf 88' lang='lat' dir='ltr'>remittit</span> <span class='ocrx_word' id='word_1_253' title='bbox 1782 2409 1823 2482; x_wconf 90' lang='lat' dir='ltr'>ad</span> <span class='ocrx_word' id='word_1_254' title='bbox 1838 2415 1870 2482; x_wconf 85' lang='lat' dir='ltr'>d.</span> <span class='ocrx_word' id='word_1_255' title='bbox 1885 2417 1908 2483; x_wconf 85' lang='lat' dir='ltr'>l.</span> <span class='ocrx_word' id='word_1_256' title='bbox 1925 2439 1983 2500; x_wconf 89' lang='lat'>77.</span> <span class='ocrx_word' id='word_1_257' title='bbox 2002 2419 2037 2486; x_wconf 83' lang='grc' dir='ltr'>δι</span> 
     </span>
     <span class='ocr_line' id='line_1_21' title="bbox 436 2507 2037 2608; baseline 0.002 -28"><span class='ocrx_word' id='word_1_258' title='bbox 436 2511 506 2582; x_wconf 89' lang='lat' dir='ltr'>Pet.</span> <span class='ocrx_word' id='word_1_259' title='bbox 518 2510 615 2582; x_wconf 84' lang='lat' dir='ltr'>Faber</span> <span class='ocrx_word' id='word_1_260' title='bbox 630 2543 641 2580; x_wconf 94' lang='grc'>.·</span> <span class='ocrx_word' id='word_1_261' title='bbox 669 2514 800 2605; x_wconf 87' lang='lat' dir='ltr'>Nempe</span> <span class='ocrx_word' id='word_1_262' title='bbox 812 2509 977 2608; x_wconf 89' lang='lat' dir='ltr'>legitimos</span> <span class='ocrx_word' id='word_1_263' title='bbox 992 2511 1102 2588; x_wconf 67' lang='lat' dir='ltr'>aelus,</span> <span class='ocrx_word' id='word_1_264' title='bbox 1129 2533 1186 2604; x_wconf 89' lang='lat' dir='ltr'>per</span> <span class='ocrx_word' id='word_1_265' title='bbox 1199 2531 1449 2603; x_wconf 89' lang='lat' dir='ltr'>procuratorem</span> <span class='ocrx_word' id='word_1_266' title='bbox 1467 2515 1577 2608; x_wconf 80' lang='lat' dir='ltr'>peragi</span> <span class='ocrx_word' id='word_1_267' title='bbox 1592 2537 1661 2582; x_wconf 89' lang='lat' dir='ltr'>non</span> <span class='ocrx_word' id='word_1_268' title='bbox 1674 2507 1764 2604; x_wconf 88' lang='lat' dir='ltr'>polle</span> <span class='ocrx_word' id='word_1_269' title='bbox 1778 2562 1789 2594; x_wconf 92' lang='lat'>,</span> <span class='ocrx_word' id='word_1_270' title='bbox 1816 2509 1910 2604; x_wconf 91' lang='lat' dir='ltr'>quod</span> <span class='ocrx_word' id='word_1_271' title='bbox 1923 2511 1964 2581; x_wconf 89' lang='lat' dir='ltr'>de</span> <span class='ocrx_word' id='word_1_272' title='bbox 1978 2512 2037 2584; x_wconf 86' lang='lat' dir='ltr'>ltc-</span> 
     </span>
     <span class='ocr_line' id='line_1_22' title="bbox 437 2607 2036 2706; baseline 0.003 -28"><span class='ocrx_word' id='word_1_273' title='bbox 437 2608 581 2680; x_wconf 87' lang='lat' dir='ltr'>teditatis</span> <span class='ocrx_word' id='word_1_274' title='bbox 596 2609 739 2682; x_wconf 88' lang='lat' dir='ltr'>aditione</span> <span class='ocrx_word' id='word_1_275' title='bbox 755 2609 894 2682; x_wconf 87' lang='lat' dir='ltr'>ostendit</span> <span class='ocrx_word' id='word_1_276' title='bbox 905 2614 928 2681; x_wconf 89' lang='lat' dir='ltr'>l.</span> <span class='ocrx_word' id='word_1_277' title='bbox 941 2637 1000 2698; x_wconf 85' lang='lat'>90.</span> <span class='ocrx_word' id='word_1_278' title='bbox 1016 2617 1064 2682; x_wconf 94' lang='lat' dir='ltr'>D.</span> <span class='ocrx_word' id='word_1_279' title='bbox 1075 2610 1112 2679; x_wconf 81' lang='lat' dir='ltr'>de</span> <span class='ocrx_word' id='word_1_280' title='bbox 1125 2607 1254 2706; x_wconf 78' lang='lat' dir='ltr'>adquir.</span> <span class='ocrx_word' id='word_1_281' title='bbox 1266 2609 1368 2681; x_wconf 70' lang='lat' dir='ltr'>hored.</span> <span class='ocrx_word' id='word_1_282' title='bbox 1382 2609 1422 2681; x_wconf 90' lang='lat' dir='ltr'>de</span> <span class='ocrx_word' id='word_1_283' title='bbox 1435 2609 1680 2704; x_wconf 79' lang='lat' dir='ltr'>acceptilatione</span> <span class='ocrx_word' id='word_1_284' title='bbox 1691 2613 1714 2679; x_wconf 91' lang='lat' dir='ltr'>l.</span> <span class='ocrx_word' id='word_1_285' title='bbox 1732 2637 1763 2702; x_wconf 81' lang='lat'>3.</span> <span class='ocrx_word' id='word_1_286' title='bbox 1776 2619 1814 2690; x_wconf 63' lang='lat' dir='ltr'>cl*</span> <span class='ocrx_word' id='word_1_287' title='bbox 1824 2615 1846 2680; x_wconf 88' lang='lat' dir='ltr'>l.</span> <span class='ocrx_word' id='word_1_288' title='bbox 1866 2635 1920 2702; x_wconf 80' lang='lat'>13·</span> <span class='ocrx_word' id='word_1_289' title='bbox 1933 2614 1963 2686; x_wconf 86' lang='lat'>§.</span> <span class='ocrx_word' id='word_1_290' title='bbox 1974 2633 2036 2685; x_wconf 79' lang='lat' dir='ltr'>tna.</span> 
     </span>
     <span class='ocr_line' id='line_1_23' title="bbox 436 2703 2039 2813; baseline -0.002 -29"><span class='ocrx_word' id='word_1_291' title='bbox 436 2715 484 2784; x_wconf 88' lang='lat' dir='ltr'>D.</span> <span class='ocrx_word' id='word_1_292' title='bbox 501 2710 541 2782; x_wconf 79' lang='lat' dir='ltr'>de</span> <span class='ocrx_word' id='word_1_293' title='bbox 554 2717 692 2813; x_wconf 69' lang='lat' dir='ltr'>Accepi.</span> <span class='ocrx_word' id='word_1_294' title='bbox 720 2717 847 2792; x_wconf 84' lang='lat' dir='ltr'>Verum</span> <span class='ocrx_word' id='word_1_295' title='bbox 864 2708 931 2780; x_wconf 82' lang='lat' dir='ltr'>haec</span> <span class='ocrx_word' id='word_1_296' title='bbox 945 2703 1102 2783; x_wconf 85' lang='lat' dir='ltr'>sententia</span> <span class='ocrx_word' id='word_1_297' title='bbox 1114 2706 1193 2807; x_wconf 88' lang='lat' dir='ltr'>legis</span> <span class='ocrx_word' id='word_1_298' title='bbox 1206 2708 1350 2780; x_wconf 72' lang='lat' dir='ltr'>autores</span> <span class='ocrx_word' id='word_1_299' title='bbox 1365 2733 1443 2782; x_wconf 90' lang='lat' dir='ltr'>curn</span> <span class='ocrx_word' id='word_1_300' title='bbox 1459 2708 1611 2808; x_wconf 83' lang='lat' dir='ltr'>legitimis</span> <span class='ocrx_word' id='word_1_301' title='bbox 1626 2703 1751 2784; x_wconf 71' lang='lat' dir='ltr'>actibus</span> <span class='ocrx_word' id='word_1_302' title='bbox 1763 2732 1933 2803; x_wconf 85' lang='lat' dir='ltr'>perperam</span> <span class='ocrx_word' id='word_1_303' title='bbox 1943 2735 2039 2782; x_wconf 90' lang='lat' dir='ltr'>com-</span> 
     </span>
     <span class='ocr_line' id='line_1_24' title="bbox 436 2801 2038 2908; baseline 0 -28"><span class='ocrx_word' id='word_1_304' title='bbox 436 2801 572 2896; x_wconf 82' lang='lat' dir='ltr'>miscet,</span> <span class='ocrx_word' id='word_1_305' title='bbox 599 2810 639 2884; x_wconf 93' lang='lat' dir='ltr'>dc</span> <span class='ocrx_word' id='word_1_306' title='bbox 655 2837 726 2906; x_wconf 91' lang='lat' dir='ltr'>quo</span> <span class='ocrx_word' id='word_1_307' title='bbox 742 2810 829 2882; x_wconf 80' lang='lat' dir='ltr'>add.</span> <span class='ocrx_word' id='word_1_308' title='bbox 844 2814 868 2881; x_wconf 85' lang='lat' dir='ltr'>l.</span> <span class='ocrx_word' id='word_1_309' title='bbox 887 2836 946 2898; x_wconf 94' lang='lat'>77.</span> <span class='ocrx_word' id='word_1_310' title='bbox 963 2811 1054 2882; x_wconf 83' lang='lat' dir='ltr'>Sexta</span> <span class='ocrx_word' id='word_1_311' title='bbox 1069 2801 1225 2880; x_wconf 87' lang='lat' dir='ltr'>sententia</span> <span class='ocrx_word' id='word_1_312' title='bbox 1237 2807 1282 2880; x_wconf 90' lang='lat' dir='ltr'>est</span> <span class='ocrx_word' id='word_1_313' title='bbox 1297 2833 1438 2892; x_wconf 88' lang='lat' dir='ltr'>eorum,</span> <span class='ocrx_word' id='word_1_314' title='bbox 1465 2812 1525 2904; x_wconf 90' lang='lat' dir='ltr'>qui</span> <span class='ocrx_word' id='word_1_315' title='bbox 1536 2806 1621 2880; x_wconf 86' lang='lat' dir='ltr'>hanc</span> <span class='ocrx_word' id='word_1_316' title='bbox 1632 2805 1797 2908; x_wconf 87' lang='lat' dir='ltr'>Regulam</span> <span class='ocrx_word' id='word_1_317' title='bbox 1813 2809 1976 2902; x_wconf 86' lang='lat' dir='ltr'>accipiunt</span> <span class='ocrx_word' id='word_1_318' title='bbox 1986 2807 2038 2881; x_wconf 81' lang='lat' dir='ltr'>vel</span> 
     </span>
     <span class='ocr_line' id='line_1_25' title="bbox 436 2903 2039 3009; baseline 0.001 -33"><span class='ocrx_word' id='word_1_319' title='bbox 436 2911 578 2982; x_wconf 92' lang='lat' dir='ltr'>omnino</span> <span class='ocrx_word' id='word_1_320' title='bbox 595 2909 646 2982; x_wconf 88' lang='lat' dir='ltr'>vel</span> <span class='ocrx_word' id='word_1_321' title='bbox 661 2908 755 2982; x_wconf 87' lang='lat' dir='ltr'>fimul</span> <span class='ocrx_word' id='word_1_322' title='bbox 772 2913 870 2982; x_wconf 88' lang='lat' dir='ltr'>etiam</span> <span class='ocrx_word' id='word_1_323' title='bbox 883 2906 924 2981; x_wconf 90' lang='lat' dir='ltr'>de</span> <span class='ocrx_word' id='word_1_324' title='bbox 948 2905 1214 3009; x_wconf 77' lang='lat' dir='ltr'>Magistratibus,</span> <span class='ocrx_word' id='word_1_325' title='bbox 1239 2909 1299 3002; x_wconf 91' lang='lat' dir='ltr'>qui</span> <span class='ocrx_word' id='word_1_326' title='bbox 1314 2913 1349 2978; x_wconf 90' lang='lat'>&amp;</span> <span class='ocrx_word' id='word_1_327' title='bbox 1369 2905 1426 3002; x_wconf 91' lang='lat' dir='ltr'>ipsr</span> <span class='ocrx_word' id='word_1_328' title='bbox 1445 2913 1510 3008; x_wconf 82' lang='lat' dir='ltr'>lege</span> <span class='ocrx_word' id='word_1_329' title='bbox 1523 2935 1614 3008; x_wconf 85' lang='lat' dir='ltr'>agere</span> <span class='ocrx_word' id='word_1_330' title='bbox 1636 2907 1816 2986; x_wconf 86' lang='lat' dir='ltr'>dicuntur,</span> <span class='ocrx_word' id='word_1_331' title='bbox 1842 2931 1919 2976; x_wconf 91' lang='lat' dir='ltr'>curn</span> <span class='ocrx_word' id='word_1_332' title='bbox 1941 2903 2039 3000; x_wconf 57' lang='lat' dir='ltr'>juris,</span> 
     </span>
     <span class='ocr_line' id='line_1_26' title="bbox 436 3000 2038 3110; baseline 0 -34"><span class='ocrx_word' id='word_1_333' title='bbox 436 3003 617 3108; x_wconf 65' lang='lat' dir='ltr'>dislioucm</span> <span class='ocrx_word' id='word_1_334' title='bbox 632 3003 723 3083; x_wconf 88' lang='lat' dir='ltr'>suam</span> <span class='ocrx_word' id='word_1_335' title='bbox 736 3033 911 3089; x_wconf 82' lang='lat' dir='ltr'>exercent,</span> <span class='ocrx_word' id='word_1_336' title='bbox 937 3012 1083 3106; x_wconf 89' lang='lat' dir='ltr'>itemque</span> <span class='ocrx_word' id='word_1_337' title='bbox 1095 3012 1159 3110; x_wconf 82' lang='lat' dir='ltr'>lege</span> <span class='ocrx_word' id='word_1_338' title='bbox 1184 3007 1239 3109; x_wconf 81' lang='lat' dir='ltr'>agi</span> <span class='ocrx_word' id='word_1_339' title='bbox 1252 3003 1367 3100; x_wconf 78' lang='lat' dir='ltr'>jubent</span> <span class='ocrx_word' id='word_1_340' title='bbox 1385 3034 1394 3078; x_wconf 82' lang='lat' dir='ltr'>t</span> <span class='ocrx_word' id='word_1_341' title='bbox 1421 3003 1764 3098; x_wconf 75' lang='lat' dir='ltr'>cumjurisdietionem</span> <span class='ocrx_word' id='word_1_342' title='bbox 1787 3000 1900 3084; x_wconf 89' lang='lat' dir='ltr'>suam,</span> <span class='ocrx_word' id='word_1_343' title='bbox 1926 3031 1963 3076; x_wconf 88' lang='lat' dir='ltr'>ac</span> <span class='ocrx_word' id='word_1_344' title='bbox 1973 3032 2038 3076; x_wconf 88' lang='lat' dir='ltr'>no-</span> 
     </span>
     <span class='ocr_line' id='line_1_27' title="bbox 435 3104 2038 3209; baseline 0.001 -32"><span class='ocrx_word' id='word_1_345' title='bbox 435 3109 588 3182; x_wconf 76' lang='lat' dir='ltr'>minutim</span> <span class='ocrx_word' id='word_1_346' title='bbox 602 3110 681 3209; x_wconf 79' lang='lat' dir='ltr'>legia</span> <span class='ocrx_word' id='word_1_347' title='bbox 705 3113 848 3184; x_wconf 61' lang='lat' dir='ltr'>actiones</span> <span class='ocrx_word' id='word_1_348' title='bbox 871 3115 907 3180; x_wconf 75' lang='grc' dir='ltr'>δε</span> <span class='ocrx_word' id='word_1_349' title='bbox 929 3133 1044 3205; x_wconf 87' lang='lat' dir='ltr'>poenas</span> <span class='ocrx_word' id='word_1_350' title='bbox 1058 3110 1240 3180; x_wconf 83' lang='lat' dir='ltr'>executioni</span> <span class='ocrx_word' id='word_1_351' title='bbox 1252 3105 1336 3178; x_wconf 81' lang='lat' dir='ltr'>tradi</span> <span class='ocrx_word' id='word_1_352' title='bbox 1348 3104 1482 3198; x_wconf 84' lang='lat' dir='ltr'>jubent.</span> <span class='ocrx_word' id='word_1_353' title='bbox 1512 3107 1662 3203; x_wconf 81' lang='lat' dir='ltr'>Exempla</span> <span class='ocrx_word' id='word_1_354' title='bbox 1676 3109 1709 3177; x_wconf 91' lang='lat' dir='ltr'>in</span> <span class='ocrx_word' id='word_1_355' title='bbox 1724 3111 1746 3176; x_wconf 88' lang='lat' dir='ltr'>l.</span> <span class='ocrx_word' id='word_1_356' title='bbox 1764 3132 1796 3176; x_wconf 84' lang='lat' dir='ltr'>a.</span> <span class='ocrx_word' id='word_1_357' title='bbox 1806 3111 1835 3184; x_wconf 85' lang='lat'>§.</span> <span class='ocrx_word' id='word_1_358' title='bbox 1852 3109 1909 3176; x_wconf 85' lang='lat' dir='ltr'>ult.</span> <span class='ocrx_word' id='word_1_359' title='bbox 1922 3131 1999 3176; x_wconf 90' lang='lat' dir='ltr'>curn</span> <span class='ocrx_word' id='word_1_360' title='bbox 2015 3109 2038 3179; x_wconf 85' lang='lat' dir='ltr'>l.</span> 
     </span>
     <span class='ocr_line' id='line_1_28' title="bbox 395 3201 2034 3304; baseline -0.004 -21"><span class='ocrx_word' id='word_1_361' title='bbox 395 3239 402 3250; x_wconf 91' lang='lat'><strong>·</strong></span> <span class='ocrx_word' id='word_1_362' title='bbox 426 3205 496 3302; x_wconf 76' lang='lat' dir='ltr'>seq.</span> <span class='ocrx_word' id='word_1_363' title='bbox 511 3216 557 3282; x_wconf 94' lang='lat' dir='ltr'>D.</span> <span class='ocrx_word' id='word_1_364' title='bbox 568 3211 606 3280; x_wconf 85' lang='lat' dir='ltr'>de</span> <span class='ocrx_word' id='word_1_365' title='bbox 619 3207 669 3303; x_wconf 79' lang='lat' dir='ltr'>aff.</span> <span class='ocrx_word' id='word_1_366' title='bbox 679 3211 832 3300; x_wconf 70' lang='lat' dir='ltr'>Proconfl</span> <span class='ocrx_word' id='word_1_367' title='bbox 848 3207 935 3304; x_wconf 82' lang='lat' dir='ltr'>apud</span> <span class='ocrx_word' id='word_1_368' title='bbox 952 3206 1090 3281; x_wconf 89' lang='lat' dir='ltr'>Paulum</span> <span class='ocrx_word' id='word_1_369' title='bbox 1115 3235 1147 3280; x_wconf 87' lang='lat'>2.</span> <span class='ocrx_word' id='word_1_370' title='bbox 1158 3206 1292 3297; x_wconf 84' lang='lat' dir='ltr'>sentent.</span> <span class='ocrx_word' id='word_1_371' title='bbox 1304 3229 1329 3278; x_wconf 84' lang='lat' dir='ltr'>t.</span> <span class='ocrx_word' id='word_1_372' title='bbox 1348 3215 1407 3278; x_wconf 85' lang='lat'>26.</span> <span class='ocrx_word' id='word_1_373' title='bbox 1433 3213 1470 3278; x_wconf 94' lang='lat' dir='ltr'>ln</span> <span class='ocrx_word' id='word_1_374' title='bbox 1486 3229 1616 3278; x_wconf 85' lang='lat' dir='ltr'>tantum</span> <span class='ocrx_word' id='word_1_375' title='bbox 1630 3229 1667 3278; x_wconf 86' lang='lat' dir='ltr'>ut</span> <span class='ocrx_word' id='word_1_376' title='bbox 1691 3207 1790 3276; x_wconf 87' lang='lat' dir='ltr'>etiam</span> <span class='ocrx_word' id='word_1_377' title='bbox 1807 3201 1946 3275; x_wconf 79' lang='lat' dir='ltr'>carnifex</span> <span class='ocrx_word' id='word_1_378' title='bbox 1971 3209 2034 3302; x_wconf 82' lang='lat' dir='ltr'>lege</span> 
     </span>
     <span class='ocr_line' id='line_1_29' title="bbox 259 3295 2039 3404; baseline -0.003 -27"><span class='ocrx_word' id='word_1_379' title='bbox 259 3321 263 3330; x_wconf 88' lang='lat'>&#39;</span> <span class='ocrx_word' id='word_1_380' title='bbox 285 3384 289 3389; x_wconf 60' lang='lat'>„</span> <span class='ocrx_word' id='word_1_381' title='bbox 433 3329 525 3404; x_wconf 81' lang='lat' dir='ltr'>agere</span> <span class='ocrx_word' id='word_1_382' title='bbox 539 3307 725 3400; x_wconf 85' lang='lat' dir='ltr'>juberetur,</span> <span class='ocrx_word' id='word_1_383' title='bbox 741 3309 829 3404; x_wconf 90' lang='lat' dir='ltr'>apud</span> <span class='ocrx_word' id='word_1_384' title='bbox 844 3311 976 3380; x_wconf 85' lang='lat' dir='ltr'>Livium</span> <span class='ocrx_word' id='word_1_385' title='bbox 987 3306 1045 3380; x_wconf 84' lang='lat' dir='ltr'>lib.</span> <span class='ocrx_word' id='word_1_386' title='bbox 1063 3314 1119 3378; x_wconf 85' lang='lat'>26.</span> <span class='ocrx_word' id='word_1_387' title='bbox 1145 3302 1287 3378; x_wconf 86' lang='lat' dir='ltr'>Proinde</span> <span class='ocrx_word' id='word_1_388' title='bbox 1303 3306 1393 3379; x_wconf 90' lang='lat' dir='ltr'>hunc</span> <span class='ocrx_word' id='word_1_389' title='bbox 1403 3299 1532 3376; x_wconf 87' lang='lat' dir='ltr'>sensum</span> <span class='ocrx_word' id='word_1_390' title='bbox 1547 3303 1622 3404; x_wconf 76' lang='lat' dir='ltr'>lruic</span> <span class='ocrx_word' id='word_1_391' title='bbox 1635 3305 1657 3378; x_wconf 97' lang='lat' dir='ltr'>l.</span> <span class='ocrx_word' id='word_1_392' title='bbox 1671 3301 1865 3402; x_wconf 85' lang='lat' dir='ltr'>adfingunt,</span> <span class='ocrx_word' id='word_1_393' title='bbox 1883 3329 1951 3373; x_wconf 91' lang='lat' dir='ltr'>non</span> <span class='ocrx_word' id='word_1_394' title='bbox 1962 3295 2039 3396; x_wconf 84' lang='lat' dir='ltr'>pos·</span> 
     </span>
     <span class='ocr_line' id='line_1_30' title="bbox 434 3399 2037 3506; baseline -0.004 -28"><span class='ocrx_word' id='word_1_395' title='bbox 434 3401 467 3478; x_wconf 85' lang='lat' dir='ltr'>se</span> <span class='ocrx_word' id='word_1_396' title='bbox 483 3407 641 3479; x_wconf 85' lang='lat' dir='ltr'>mandato</span> <span class='ocrx_word' id='word_1_397' title='bbox 655 3408 864 3506; x_wconf 85' lang='lat' dir='ltr'>Magistratus</span> <span class='ocrx_word' id='word_1_398' title='bbox 878 3405 979 3478; x_wconf 86' lang='lat' dir='ltr'>alium</span> <span class='ocrx_word' id='word_1_399' title='bbox 992 3429 1064 3478; x_wconf 86' lang='lat' dir='ltr'>eam</span> <span class='ocrx_word' id='word_1_400' title='bbox 1074 3399 1334 3498; x_wconf 71' lang='lat' dir='ltr'>jurisdictionem</span> <span class='ocrx_word' id='word_1_401' title='bbox 1347 3429 1516 3488; x_wconf 85' lang='lat' dir='ltr'>exercere,</span> <span class='ocrx_word' id='word_1_402' title='bbox 1542 3429 1615 3502; x_wconf 75' lang='lat' dir='ltr'>que</span> <span class='ocrx_word' id='word_1_403' title='bbox 1628 3404 1672 3475; x_wconf 90' lang='lat' dir='ltr'>illi</span> <span class='ocrx_word' id='word_1_404' title='bbox 1686 3403 1757 3502; x_wconf 84' lang='lat' dir='ltr'>lege</span> <span class='ocrx_word' id='word_1_405' title='bbox 1772 3404 1968 3473; x_wconf 87' lang='lat' dir='ltr'>nominatim</span> <span class='ocrx_word' id='word_1_406' title='bbox 1981 3401 2037 3472; x_wconf 89' lang='lat' dir='ltr'>de-</span> 
     </span>
     <span class='ocr_line' id='line_1_31' title="bbox 416 3498 2033 3606; baseline -0.007 -26"><span class='ocrx_word' id='word_1_407' title='bbox 416 3503 589 3580; x_wconf 84' lang='lat' dir='ltr'>&#39;anandata</span> <span class='ocrx_word' id='word_1_408' title='bbox 604 3503 690 3588; x_wconf 81' lang='lat' dir='ltr'>fuit,</span> <span class='ocrx_word' id='word_1_409' title='bbox 717 3513 752 3578; x_wconf 73' lang='grc' dir='ltr'>δε</span> <span class='ocrx_word' id='word_1_410' title='bbox 768 3503 812 3578; x_wconf 89' lang='lat' dir='ltr'>stc</span> <span class='ocrx_word' id='word_1_411' title='bbox 826 3505 910 3580; x_wconf 83' lang='lat' dir='ltr'>hanc</span> <span class='ocrx_word' id='word_1_412' title='bbox 924 3503 1034 3580; x_wconf 84' lang='lat' dir='ltr'>lcum</span> <span class='ocrx_word' id='word_1_413' title='bbox 1047 3509 1068 3576; x_wconf 89' lang='lat' dir='ltr'>l.</span> <span class='ocrx_word' id='word_1_414' title='bbox 1086 3529 1145 3591; x_wconf 91' lang='lat'>70.</span> <span class='ocrx_word' id='word_1_415' title='bbox 1162 3503 1262 3606; x_wconf 84' lang='lat' dir='ltr'>snpra</span> <span class='ocrx_word' id='word_1_416' title='bbox 1278 3498 1516 3576; x_wconf 88' lang='lat' dir='ltr'>commiscent.</span> <span class='ocrx_word' id='word_1_417' title='bbox 1542 3509 1670 3574; x_wconf 83' lang='lat' dir='ltr'>Verum</span> <span class='ocrx_word' id='word_1_418' title='bbox 1686 3552 1698 3586; x_wconf 92' lang='lat'>,</span> <span class='ocrx_word' id='word_1_419' title='bbox 1723 3507 1787 3600; x_wconf 77' lang='lat' dir='ltr'>lege</span> <span class='ocrx_word' id='word_1_420' title='bbox 1808 3528 1897 3600; x_wconf 81' lang='lat' dir='ltr'>agere</span> <span class='ocrx_word' id='word_1_421' title='bbox 1924 3503 2033 3598; x_wconf 86' lang='lat' dir='ltr'>Magi·</span> 
     </span>
     <span class='ocr_line' id='line_1_32' title="bbox 434 3596 2036 3704; baseline -0.001 -32"><span class='ocrx_word' id='word_1_422' title='bbox 434 3603 572 3674; x_wconf 83' lang='lat' dir='ltr'>stratum</span> <span class='ocrx_word' id='word_1_423' title='bbox 584 3622 685 3678; x_wconf 87' lang='lat' dir='ltr'>nemo</span> <span class='ocrx_word' id='word_1_424' title='bbox 700 3625 784 3702; x_wconf 88' lang='lat' dir='ltr'>puto</span> <span class='ocrx_word' id='word_1_425' title='bbox 799 3605 900 3688; x_wconf 84' lang='lat' dir='ltr'>dixit,</span> <span class='ocrx_word' id='word_1_426' title='bbox 928 3631 991 3704; x_wconf 93' lang='lat' dir='ltr'>pto</span> <span class='ocrx_word' id='word_1_427' title='bbox 1005 3596 1263 3700; x_wconf 76' lang='lat' dir='ltr'>jurisdietionem</span> <span class='ocrx_word' id='word_1_428' title='bbox 1279 3601 1337 3676; x_wconf 83' lang='lat' dir='ltr'>sibi</span> <span class='ocrx_word' id='word_1_429' title='bbox 1351 3601 1421 3704; x_wconf 90' lang='lat' dir='ltr'>lege</span> <span class='ocrx_word' id='word_1_430' title='bbox 1435 3597 1611 3698; x_wconf 83' lang='lat' dir='ltr'>specialiter</span> <span class='ocrx_word' id='word_1_431' title='bbox 1630 3600 1858 3674; x_wconf 83' lang='lat' dir='ltr'>demandatam</span> <span class='ocrx_word' id='word_1_432' title='bbox 1871 3623 2036 3682; x_wconf 61' lang='lat' dir='ltr'>exerceret</span> 
     </span>
     <span class='ocr_line' id='line_1_33' title="bbox 435 3695 1957 3805; baseline 0.005 -31"><span class='ocrx_word' id='word_1_433' title='bbox 435 3725 551 3774; x_wconf 84' lang='lat' dir='ltr'>verum</span> <span class='ocrx_word' id='word_1_434' title='bbox 565 3709 599 3778; x_wconf 90' lang='lat' dir='ltr'>in</span> <span class='ocrx_word' id='word_1_435' title='bbox 621 3731 762 3805; x_wconf 87' lang='lat' dir='ltr'>genere,</span> <span class='ocrx_word' id='word_1_436' title='bbox 787 3699 1046 3804; x_wconf 71' lang='lat' dir='ltr'>iurisdietionem</span> <span class='ocrx_word' id='word_1_437' title='bbox 1060 3695 1151 3778; x_wconf 87' lang='lat' dir='ltr'>suam</span> <span class='ocrx_word' id='word_1_438' title='bbox 1163 3733 1324 3779; x_wconf 88' lang='lat' dir='ltr'>exercete.</span> <span class='ocrx_word' id='word_1_439' title='bbox 1953 3701 1957 3710; x_wconf 73' lang='grc'><strong>’</strong></span> 
     </span>
     <span class='ocr_line' id='line_1_34' title="bbox 486 3799 2036 3906; baseline -0.006 -33"><span class='ocrx_word' id='word_1_440' title='bbox 486 3803 651 3878; x_wconf 87' lang='lat' dir='ltr'>Postrema</span> <span class='ocrx_word' id='word_1_441' title='bbox 666 3801 821 3880; x_wconf 86' lang='lat' dir='ltr'>sententia</span> <span class='ocrx_word' id='word_1_442' title='bbox 836 3805 881 3878; x_wconf 87' lang='lat' dir='ltr'>cst</span> <span class='ocrx_word' id='word_1_443' title='bbox 894 3831 1033 3887; x_wconf 77' lang='lat' dir='ltr'>eorum,</span> <span class='ocrx_word' id='word_1_444' title='bbox 1059 3811 1120 3904; x_wconf 91' lang='lat' dir='ltr'>qui</span> <span class='ocrx_word' id='word_1_445' title='bbox 1132 3807 1222 3880; x_wconf 86' lang='lat' dir='ltr'>hunc</span> <span class='ocrx_word' id='word_1_446' title='bbox 1237 3801 1364 3893; x_wconf 85' lang='lat' dir='ltr'>sensum</span> <span class='ocrx_word' id='word_1_447' title='bbox 1380 3803 1455 3878; x_wconf 90' lang='lat' dir='ltr'>huic</span> <span class='ocrx_word' id='word_1_448' title='bbox 1482 3810 1568 3906; x_wconf 86' lang='lat' dir='ltr'>Reg.</span> <span class='ocrx_word' id='word_1_449' title='bbox 1591 3799 1771 3904; x_wconf 87' lang='lat' dir='ltr'>affingunt,</span> <span class='ocrx_word' id='word_1_450' title='bbox 1798 3801 1959 3871; x_wconf 64' lang='lat' dir='ltr'>aaronem</span> <span class='ocrx_word' id='word_1_451' title='bbox 1979 3800 2036 3866; x_wconf 82' lang='lat' dir='ltr'>uni</span> 
     </span>
     <span class='ocr_line' id='line_1_35' title="bbox 436 3898 2038 4004; baseline -0.005 -32"><span class='ocrx_word' id='word_1_452' title='bbox 436 3899 604 3997; x_wconf 78' lang='lat' dir='ltr'>quaesitam</span> <span class='ocrx_word' id='word_1_453' title='bbox 618 3933 688 3980; x_wconf 91' lang='lat' dir='ltr'>non</span> <span class='ocrx_word' id='word_1_454' title='bbox 709 3905 768 3978; x_wconf 84' lang='lat' dir='ltr'>nist</span> <span class='ocrx_word' id='word_1_455' title='bbox 791 3931 848 4004; x_wconf 89' lang='lat' dir='ltr'>per</span> <span class='ocrx_word' id='word_1_456' title='bbox 861 3905 1036 3980; x_wconf 81' lang='lat' dir='ltr'>cessionem</span> <span class='ocrx_word' id='word_1_457' title='bbox 1052 3909 1086 3978; x_wconf 92' lang='lat' dir='ltr'>in</span> <span class='ocrx_word' id='word_1_458' title='bbox 1103 3907 1203 3982; x_wconf 90' lang='lat' dir='ltr'>aliurn</span> <span class='ocrx_word' id='word_1_459' title='bbox 1217 3905 1384 3980; x_wconf 79' lang='lat' dir='ltr'>transferri</span> <span class='ocrx_word' id='word_1_460' title='bbox 1397 3900 1503 4002; x_wconf 80' lang='lat' dir='ltr'>polle.</span> <span class='ocrx_word' id='word_1_461' title='bbox 1529 3907 1595 3978; x_wconf 92' lang='lat' dir='ltr'>Cui</span> <span class='ocrx_word' id='word_1_462' title='bbox 1615 3903 1707 3976; x_wconf 90' lang='lat' dir='ltr'>nullo</span> <span class='ocrx_word' id='word_1_463' title='bbox 1722 3898 1826 3971; x_wconf 90' lang='lat' dir='ltr'>modo</span> <span class='ocrx_word' id='word_1_464' title='bbox 1845 3915 2038 3992; x_wconf 90' lang='lat' dir='ltr'>congruunt</span> 
     </span>
     <span class='ocr_line' id='line_1_36' title="bbox 434 3998 2035 4105; baseline -0.004 -31"><span class='ocrx_word' id='word_1_465' title='bbox 434 3998 531 4092; x_wconf 83' lang='lat' dir='ltr'>hujus</span> <span class='ocrx_word' id='word_1_466' title='bbox 548 4005 682 4105; x_wconf 74' lang='lat' dir='ltr'>Regula</span> <span class='ocrx_word' id='word_1_467' title='bbox 696 4005 823 4090; x_wconf 71' lang='lat' dir='ltr'>verba,</span> <span class='ocrx_word' id='word_1_468' title='bbox 847 4001 1025 4104; x_wconf 78' lang='lat' dir='ltr'>prasertim</span> <span class='ocrx_word' id='word_1_469' title='bbox 1048 4033 1126 4080; x_wconf 89' lang='lat' dir='ltr'>cum</span> <span class='ocrx_word' id='word_1_470' title='bbox 1142 4032 1251 4103; x_wconf 87' lang='lat' dir='ltr'>neque</span> <span class='ocrx_word' id='word_1_471' title='bbox 1271 4005 1424 4080; x_wconf 84' lang='lat' dir='ltr'>ceffiouis</span> <span class='ocrx_word' id='word_1_472' title='bbox 1446 4005 1511 4078; x_wconf 86' lang='lat' dir='ltr'>olla</span> <span class='ocrx_word' id='word_1_473' title='bbox 1530 4006 1657 4075; x_wconf 87' lang='lat' dir='ltr'>mentio</span> <span class='ocrx_word' id='word_1_474' title='bbox 1681 3999 1762 4082; x_wconf 83' lang='lat' dir='ltr'>fiat,</span> <span class='ocrx_word' id='word_1_475' title='bbox 1784 4003 1818 4064; x_wconf 90' lang='lat'>&amp;</span> <span class='ocrx_word' id='word_1_476' title='bbox 1837 4005 2035 4088; x_wconf 78' lang='lat' dir='ltr'>procurator</span> 
     </span>
     <span class='ocr_line' id='line_1_37' title="bbox 436 4099 1733 4197; baseline -0.001 -27"><span class='ocrx_word' id='word_1_477' title='bbox 436 4099 618 4196; x_wconf 87' lang='lat' dir='ltr'>quamlibet</span> <span class='ocrx_word' id='word_1_478' title='bbox 633 4103 723 4179; x_wconf 81' lang='lat' dir='ltr'>ceffis</span> <span class='ocrx_word' id='word_1_479' title='bbox 738 4103 921 4178; x_wconf 70' lang='lat' dir='ltr'>actionibus</span> <span class='ocrx_word' id='word_1_480' title='bbox 936 4129 1070 4192; x_wconf 87' lang='lat' dir='ltr'>utatur,</span> <span class='ocrx_word' id='word_1_481' title='bbox 1096 4107 1203 4181; x_wconf 83' lang='lat' dir='ltr'>alieno</span> <span class='ocrx_word' id='word_1_482' title='bbox 1222 4129 1330 4176; x_wconf 89' lang='lat' dir='ltr'>tamen</span> <span class='ocrx_word' id='word_1_483' title='bbox 1346 4103 1471 4197; x_wconf 87' lang='lat' dir='ltr'>semper</span> <span class='ocrx_word' id='word_1_484' title='bbox 1488 4105 1625 4171; x_wconf 90' lang='lat' dir='ltr'>nomine</span> <span class='ocrx_word' id='word_1_485' title='bbox 1638 4119 1733 4197; x_wconf 73' lang='lat' dir='ltr'>agat.</span> 
     </span>
    </p>

    <p class='ocr_par' dir='ltr' id='par_1_5' title="bbox 394 4183 2074 4892">
     <span class='ocr_line' id='line_1_38' title="bbox 394 4183 2036 4304; baseline -0.009 -28"><span class='ocrx_word' id='word_1_486' title='bbox 394 4248 397 4255; x_wconf 79' lang='lat'>,</span> <span class='ocrx_word' id='word_1_487' title='bbox 485 4205 573 4301; x_wconf 84' lang='lat' dir='ltr'>Ergo</span> <span class='ocrx_word' id='word_1_488' title='bbox 585 4227 711 4277; x_wconf 81' lang='lat' dir='ltr'>novam</span> <span class='ocrx_word' id='word_1_489' title='bbox 727 4229 905 4304; x_wconf 86' lang='lat' dir='ltr'>veramque</span> <span class='ocrx_word' id='word_1_490' title='bbox 918 4209 1222 4301; x_wconf 86' lang='lat' dir='ltr'>interpretationem</span> <span class='ocrx_word' id='word_1_491' title='bbox 1231 4203 1290 4297; x_wconf 82' lang='lat' dir='ltr'>ipsi</span> <span class='ocrx_word' id='word_1_492' title='bbox 1306 4228 1395 4271; x_wconf 88' lang='lat' dir='ltr'>nunc</span> <span class='ocrx_word' id='word_1_493' title='bbox 1419 4221 1643 4292; x_wconf 84' lang='lat' dir='ltr'>apponemus,</span> <span class='ocrx_word' id='word_1_494' title='bbox 1665 4195 1805 4293; x_wconf 86' lang='lat' dir='ltr'>genuina</span> <span class='ocrx_word' id='word_1_495' title='bbox 1829 4194 1864 4262; x_wconf 89' lang='lat' dir='ltr'>in</span> <span class='ocrx_word' id='word_1_496' title='bbox 1880 4188 1914 4260; x_wconf 89' lang='lat' dir='ltr'>id</span> <span class='ocrx_word' id='word_1_497' title='bbox 1934 4183 2036 4297; x_wconf 88' lang='lat' dir='ltr'>specie</span> 
     </span>
     <span class='ocr_line' id='line_1_39' title="bbox 436 4291 2034 4402; baseline -0.008 -32"><span class='ocrx_word' id='word_1_498' title='bbox 436 4302 626 4395; x_wconf 79' lang='lat' dir='ltr'>proposita,</span> <span class='ocrx_word' id='word_1_499' title='bbox 650 4330 752 4400; x_wconf 84' lang='lat' dir='ltr'>quam</span> <span class='ocrx_word' id='word_1_500' title='bbox 767 4300 949 4401; x_wconf 85' lang='lat' dir='ltr'>suppeditat</span> <span class='ocrx_word' id='word_1_501' title='bbox 963 4303 1025 4374; x_wconf 79' lang='lat' dir='ltr'>sive</span> <span class='ocrx_word' id='word_1_502' title='bbox 1040 4299 1195 4402; x_wconf 83' lang='lat' dir='ltr'>generalis</span> <span class='ocrx_word' id='word_1_503' title='bbox 1210 4298 1324 4370; x_wconf 86' lang='lat' dir='ltr'>titulus</span> <span class='ocrx_word' id='word_1_504' title='bbox 1336 4300 1374 4368; x_wconf 87' lang='lat' dir='ltr'>de</span> <span class='ocrx_word' id='word_1_505' title='bbox 1379 4295 1521 4388; x_wconf 78' lang='lat' dir='ltr'>judiciis</span> <span class='ocrx_word' id='word_1_506' title='bbox 1537 4341 1547 4374; x_wconf 82' lang='lat'>,</span> <span class='ocrx_word' id='word_1_507' title='bbox 1563 4319 1636 4390; x_wconf 86' lang='lat' dir='ltr'>quo</span> <span class='ocrx_word' id='word_1_508' title='bbox 1646 4295 1756 4364; x_wconf 72' lang='lat' dir='ltr'>astum</span> <span class='ocrx_word' id='word_1_509' title='bbox 1771 4293 1813 4364; x_wconf 87' lang='lat' dir='ltr'>de</span> <span class='ocrx_word' id='word_1_510' title='bbox 1824 4291 1970 4386; x_wconf 90' lang='lat' dir='ltr'>proccssu</span> <span class='ocrx_word' id='word_1_511' title='bbox 1984 4295 2034 4380; x_wconf 84' lang='lat' dir='ltr'>ju·</span> 
     </span>
     <span class='ocr_line' id='line_1_40' title="bbox 437 4384 2035 4500; baseline -0.008 -30"><span class='ocrx_word' id='word_1_512' title='bbox 437 4398 573 4472; x_wconf 90' lang='lat' dir='ltr'>diciario</span> <span class='ocrx_word' id='word_1_513' title='bbox 588 4407 682 4477; x_wconf 91' lang='lat' dir='ltr'>omni</span> <span class='ocrx_word' id='word_1_514' title='bbox 697 4455 708 4490; x_wconf 91' lang='lat'>,</span> <span class='ocrx_word' id='word_1_515' title='bbox 734 4403 842 4500; x_wconf 88' lang='lat' dir='ltr'>deque</span> <span class='ocrx_word' id='word_1_516' title='bbox 856 4401 1020 4476; x_wconf 76' lang='lat' dir='ltr'>actoribus</span> <span class='ocrx_word' id='word_1_517' title='bbox 1035 4405 1069 4472; x_wconf 74' lang='lat' dir='ltr'>ot</span> <span class='ocrx_word' id='word_1_518' title='bbox 1084 4399 1227 4498; x_wconf 85' lang='lat' dir='ltr'>legitima</span> <span class='ocrx_word' id='word_1_519' title='bbox 1243 4416 1360 4469; x_wconf 90' lang='lat' dir='ltr'>eorum</span> <span class='ocrx_word' id='word_1_520' title='bbox 1384 4389 1546 4492; x_wconf 82' lang='lat' dir='ltr'>persona:</span> <span class='ocrx_word' id='word_1_521' title='bbox 1573 4392 1636 4464; x_wconf 79' lang='lat' dir='ltr'>sive</span> <span class='ocrx_word' id='word_1_522' title='bbox 1648 4384 1788 4487; x_wconf 74' lang='lat' dir='ltr'>specialis</span> <span class='ocrx_word' id='word_1_523' title='bbox 1815 4387 1927 4462; x_wconf 89' lang='lat' dir='ltr'>titulus</span> <span class='ocrx_word' id='word_1_524' title='bbox 1945 4393 1957 4475; x_wconf 73' lang='lat' dir='ltr'>l</span> <span class='ocrx_word' id='word_1_525' title='bbox 1976 4389 2035 4482; x_wconf 89' lang='lat' dir='ltr'>qui</span> 
     </span>
     <span class='ocr_line' id='line_1_41' title="bbox 434 4489 2034 4592; baseline -0.009 -22"><span class='ocrx_word' id='word_1_526' title='bbox 434 4497 480 4570; x_wconf 86' lang='lat' dir='ltr'>illi</span> <span class='ocrx_word' id='word_1_527' title='bbox 494 4501 528 4570; x_wconf 93' lang='lat' dir='ltr'>in</span> <span class='ocrx_word' id='word_1_528' title='bbox 542 4500 658 4572; x_wconf 64' lang='lat' dir='ltr'>miluo</span> <span class='ocrx_word' id='word_1_529' title='bbox 672 4503 854 4576; x_wconf 79' lang='lat' dir='ltr'>coherebat</span> <span class='ocrx_word' id='word_1_530' title='bbox 881 4509 916 4573; x_wconf 88' lang='lat'>&amp;</span> <span class='ocrx_word' id='word_1_531' title='bbox 941 4499 1082 4572; x_wconf 74' lang='lat' dir='ltr'>conaret</span> <span class='ocrx_word' id='word_1_532' title='bbox 1107 4498 1206 4569; x_wconf 90' lang='lat' dir='ltr'>hodie</span> <span class='ocrx_word' id='word_1_533' title='bbox 1232 4499 1408 4592; x_wconf 88' lang='lat' dir='ltr'>proxime,</span> <span class='ocrx_word' id='word_1_534' title='bbox 1431 4501 1445 4586; x_wconf 88' lang='lat'>)</span> <span class='ocrx_word' id='word_1_535' title='bbox 1472 4495 1511 4564; x_wconf 66' lang='lat' dir='ltr'>aa</span> <span class='ocrx_word' id='word_1_536' title='bbox 1532 4491 1695 4588; x_wconf 82' lang='lat' dir='ltr'>inofficioso</span> <span class='ocrx_word' id='word_1_537' title='bbox 1722 4489 1929 4582; x_wconf 77' lang='lat' dir='ltr'>testamenta:</span> <span class='ocrx_word' id='word_1_538' title='bbox 1957 4507 2034 4558; x_wconf 83' lang='lat' dir='ltr'>nam</span> 
     </span>
     <span class='ocr_line' id='line_1_42' title="bbox 436 4589 2035 4696; baseline -0.01 -26"><span class='ocrx_word' id='word_1_539' title='bbox 436 4621 617 4696; x_wconf 89' lang='lat' dir='ltr'>utrumque</span> <span class='ocrx_word' id='word_1_540' title='bbox 631 4602 764 4678; x_wconf 87' lang='lat' dir='ltr'>titulum</span> <span class='ocrx_word' id='word_1_541' title='bbox 778 4603 942 4696; x_wconf 79' lang='lat' dir='ltr'>Ulpianus</span> <span class='ocrx_word' id='word_1_542' title='bbox 954 4598 1120 4672; x_wconf 82' lang='lat' dir='ltr'>hoelibro</span> <span class='ocrx_word' id='word_1_543' title='bbox 1141 4625 1197 4688; x_wconf 85' lang='lat'>¹4·</span> <span class='ocrx_word' id='word_1_544' title='bbox 1223 4595 1265 4667; x_wconf 89' lang='lat' dir='ltr'>ad</span> <span class='ocrx_word' id='word_1_545' title='bbox 1286 4593 1437 4667; x_wconf 70' lang='lat' dir='ltr'>Edidtum</span> <span class='ocrx_word' id='word_1_546' title='bbox 1460 4595 1690 4688; x_wconf 84' lang='lat' dir='ltr'>interpretatus</span> <span class='ocrx_word' id='word_1_547' title='bbox 1711 4589 1780 4662; x_wconf 88' lang='lat' dir='ltr'>est.</span> <span class='ocrx_word' id='word_1_548' title='bbox 1808 4599 1920 4678; x_wconf 86' lang='lat' dir='ltr'>Quare</span> <span class='ocrx_word' id='word_1_549' title='bbox 1938 4589 2035 4696; x_wconf 83' lang='lat' dir='ltr'>etiam</span> 
     </span>
     <span class='ocr_line' id='line_1_43' title="bbox 437 4685 2074 4800; baseline -0.009 -33"><span class='ocrx_word' id='word_1_550' title='bbox 437 4696 512 4768; x_wconf 86' lang='lat' dir='ltr'>huic</span> <span class='ocrx_word' id='word_1_551' title='bbox 530 4699 551 4771; x_wconf 90' lang='lat' dir='ltr'>l.</span> <span class='ocrx_word' id='word_1_552' title='bbox 568 4702 800 4800; x_wconf 85' lang='lat' dir='ltr'>conjungenda</span> <span class='ocrx_word' id='word_1_553' title='bbox 809 4703 853 4772; x_wconf 90' lang='lat' dir='ltr'>est</span> <span class='ocrx_word' id='word_1_554' title='bbox 864 4700 913 4771; x_wconf 89' lang='lat' dir='ltr'>lex</span> <span class='ocrx_word' id='word_1_555' title='bbox 925 4707 958 4770; x_wconf 86' lang='lat'>6.</span> <span class='ocrx_word' id='word_1_556' title='bbox 976 4708 1014 4779; x_wconf 55' lang='grc' dir='ltr'>ω’*</span> <span class='ocrx_word' id='word_1_557' title='bbox 1027 4701 1051 4768; x_wconf 86' lang='lat' dir='ltr'>l.</span> <span class='ocrx_word' id='word_1_558' title='bbox 1069 4696 1269 4800; x_wconf 80' lang='lat' dir='ltr'>Papinianus</span> <span class='ocrx_word' id='word_1_559' title='bbox 1283 4699 1315 4767; x_wconf 87' lang='lat'>8.</span> <span class='ocrx_word' id='word_1_560' title='bbox 1329 4704 1376 4768; x_wconf 91' lang='lat' dir='ltr'>D.</span> <span class='ocrx_word' id='word_1_561' title='bbox 1391 4697 1428 4766; x_wconf 67' lang='lat' dir='ltr'>aa</span> <span class='ocrx_word' id='word_1_562' title='bbox 1441 4691 1520 4784; x_wconf 80' lang='lat' dir='ltr'>inas.</span> <span class='ocrx_word' id='word_1_563' title='bbox 1534 4691 1599 4770; x_wconf 73' lang='lat' dir='ltr'>aad.</span> <span class='ocrx_word' id='word_1_564' title='bbox 1618 4715 1691 4787; x_wconf 81' lang='lat' dir='ltr'>quat</span> <span class='ocrx_word' id='word_1_565' title='bbox 1702 4715 1740 4760; x_wconf 85' lang='lat' dir='ltr'>ex</span> <span class='ocrx_word' id='word_1_566' title='bbox 1764 4689 1883 4760; x_wconf 85' lang='lat' dir='ltr'>eodem</span> <span class='ocrx_word' id='word_1_567' title='bbox 1901 4685 2036 4779; x_wconf 82' lang='lat' dir='ltr'>Ulpiana</span> <span class='ocrx_word' id='word_1_568' title='bbox 2069 4779 2074 4786; x_wconf 28' lang='grc' dir='ltr'>Ι</span> 
     </span>
     <span class='ocr_line' id='line_1_44' title="bbox 435 4786 2036 4892; baseline -0.012 -22"><span class='ocrx_word' id='word_1_569' title='bbox 435 4793 523 4870; x_wconf 90' lang='lat' dir='ltr'>libro</span> <span class='ocrx_word' id='word_1_570' title='bbox 539 4830 572 4890; x_wconf 90' lang='lat'>4.</span> <span class='ocrx_word' id='word_1_571' title='bbox 590 4799 630 4872; x_wconf 87' lang='lat' dir='ltr'>ad</span> <span class='ocrx_word' id='word_1_572' title='bbox 646 4799 798 4872; x_wconf 65' lang='lat' dir='ltr'>Edictum</span> <span class='ocrx_word' id='word_1_573' title='bbox 815 4794 986 4892; x_wconf 89' lang='lat' dir='ltr'>desumpta</span> <span class='ocrx_word' id='word_1_574' title='bbox 1001 4797 1063 4868; x_wconf 85' lang='lat' dir='ltr'>cll:</span> <span class='ocrx_word' id='word_1_575' title='bbox 1090 4819 1164 4891; x_wconf 83' lang='lat' dir='ltr'>quo:</span> <span class='ocrx_word' id='word_1_576' title='bbox 1180 4796 1374 4886; x_wconf 66' lang='lat' dir='ltr'>conjunctio</span> <span class='ocrx_word' id='word_1_577' title='bbox 1387 4819 1465 4864; x_wconf 92' lang='lat' dir='ltr'>curn</span> <span class='ocrx_word' id='word_1_578' title='bbox 1478 4795 1511 4864; x_wconf 82' lang='lat' dir='ltr'>d.</span> <span class='ocrx_word' id='word_1_579' title='bbox 1524 4798 1548 4863; x_wconf 90' lang='lat' dir='ltr'>l.</span> <span class='ocrx_word' id='word_1_580' title='bbox 1559 4795 1592 4865; x_wconf 84' lang='lat'>8.</span> <span class='ocrx_word' id='word_1_581' title='bbox 1609 4789 1666 4862; x_wconf 86' lang='lat' dir='ltr'>ecsr</span> <span class='ocrx_word' id='word_1_582' title='bbox 1685 4786 1725 4858; x_wconf 88' lang='lat' dir='ltr'>ab</span> <span class='ocrx_word' id='word_1_583' title='bbox 1737 4786 1805 4858; x_wconf 76' lang='lat' dir='ltr'>allis</span> <span class='ocrx_word' id='word_1_584' title='bbox 1820 4809 1958 4882; x_wconf 89' lang='lat' dir='ltr'>quoque</span> <span class='ocrx_word' id='word_1_585' title='bbox 1970 4790 2036 4875; x_wconf 82' lang='lat' dir='ltr'>jam</span> 
     </span>
    </p>
   </div>
   <div class='ocr_carea' id='block_1_5' title="bbox 437 4880 2052 5060">
    <p class='ocr_par' dir='ltr' id='par_1_6' title="bbox 437 4880 2052 5060">
     <span class='ocr_line' id='line_1_45' title="bbox 437 4880 2040 5054; baseline 0.011 -86"><span class='ocrx_word' id='word_1_586' title='bbox 437 4893 578 4970; x_wconf 83' lang='lat' dir='ltr'>indicata</span> <span class='ocrx_word' id='word_1_587' title='bbox 606 4897 728 4990; x_wconf 85' lang='lat' dir='ltr'>fuerit,</span> <span class='ocrx_word' id='word_1_588' title='bbox 755 4901 836 4977; x_wconf 85' lang='lat' dir='ltr'>&amp;in</span> <span class='ocrx_word' id='word_1_589' title='bbox 853 4896 903 4973; x_wconf 84' lang='lat' dir='ltr'>his</span> <span class='ocrx_word' id='word_1_590' title='bbox 917 4895 959 4972; x_wconf 88' lang='lat' dir='ltr'>ab</span> <span class='ocrx_word' id='word_1_591' title='bbox 971 4903 1194 4974; x_wconf 83' lang='lat' dir='ltr'>Hotomauno</span> <span class='ocrx_word' id='word_1_592' title='bbox 1210 4901 1246 4966; x_wconf 72' lang='grc' dir='ltr'>δε</span> <span class='ocrx_word' id='word_1_593' title='bbox 1266 4897 1303 4968; x_wconf 82' lang='grc' dir='ltr'>Ρ.</span> <span class='ocrx_word' id='word_1_594' title='bbox 1320 4890 1445 4980; x_wconf 76' lang='lat' dir='ltr'>tabeo,</span> <span class='ocrx_word' id='word_1_595' title='bbox 1472 4891 1626 4968; x_wconf 72' lang='lat' dir='ltr'>ss0¹²dum</span> <span class='ocrx_word' id='word_1_596' title='bbox 1636 4911 1747 4962; x_wconf 58' lang='lat' dir='ltr'>‘tamen</span> <span class='ocrx_word' id='word_1_597' title='bbox 1761 4885 1857 4982; x_wconf 67' lang='lat' dir='ltr'>hul¹¹⁵</span> <span class='ocrx_word' id='word_1_598' title='bbox 1873 4883 1897 4956; x_wconf 70' lang='lat'>¹·</span> <span class='ocrx_word' id='word_1_599' title='bbox 1911 4880 2040 5054; x_wconf 54' lang='lat' dir='ltr'>senfffig</span> 
     </span>
     <span class='ocr_line' id='line_1_46' title="bbox 1959 5001 2052 5060; baseline 0.011 -10"><span class='ocrx_word' id='word_1_600' title='bbox 1959 5001 2003 5050; x_wconf 85' lang='lat' dir='ltr'>tn</span> <span class='ocrx_word' id='word_1_601' title='bbox 2046 5046 2052 5060; x_wconf 82' lang='lat'>,</span> 
     </span>
    </p>
   </div>
   <div class='ocr_carea' id='block_1_6' title="bbox 901 5186 909 5230">
    <p class='ocr_par' dir='ltr' id='par_1_7' title="bbox 901 5186 909 5230">
     <span class='ocr_line' id='line_1_47' title="bbox 901 5186 909 5230; baseline 0 0"><span class='ocrx_word' id='word_1_602' title='bbox 901 5186 909 5230; x_wconf 78' lang='lat' dir='ltr'>l</span> 
     </span>
    </p>
   </div>
   <div class='ocr_carea' id='block_1_7' title="bbox 0 6 2366 5924">
    <p class='ocr_par' dir='ltr' id='par_1_8' title="bbox 0 6 2366 5924">
     <span class='ocr_line' id='line_1_48' title="bbox 0 6 2366 5924; baseline 0 0"><span class='ocrx_word' id='word_1_603' title='bbox 0 6 2366 5924; x_wconf 95' lang='lat' dir='ltr'> </span> 
     </span>
    </p>
   </div>
  </div>
 </body>
</html>
