4692 5960
504 585 819 660 uertuntur
835 585 1018 660 ncnxt.
1035 585 1338 658 coitnntcr.
1358 587 1490 658 unco.
1506 585 1623 656 nnus
1640 585 1701 654 ut.
1776 569 1780 576 '
1832 607 1897 676 η,

307 683 507 784 adquisivit,
533 707 571 757 ut
584 686 704 760 dicitur
717 687 787 764 d.§.
801 693 834 758 6.
851 688 1014 774 Quamvis
1026 685 1114 756 enim
1128 679 1317 776 hujusmodi
1332 682 1486 768 lucrum,
1509 681 1614 754 finon
1627 679 1815 778 repudietur
1832 711 1903 764 ,re-

310 809 364 860 tro
374 789 525 860 ‘nostrum
539 783 602 873 stt,
626 808 771 859 attamen
786 811 865 860 cum
880 782 1068 880 repudiatur
1083 831 1092 865 ,
1111 805 1208 856 retro
1221 781 1372 856 nostrum
1386 809 1458 854 non
1472 777 1562 856 mitre
1571 781 1679 878 palam
1691 783 1758 864 est.
1775 807 1811 856 ut
1825 786 1858 854 d.
1871 785 1904 862 §.

180 947 184 956 ,
313 897 347 960 6.
362 885 505 960 dicitur.

363 1011 396 1058 2.
421 983 561 1058 Obtinet
575 991 610 1056 δι
626 981 737 1058 similit
751 983 902 1082 quaedam
915 987 1102 1084 Regnum
1117 981 1320 1058 creditorum
1331 983 1493 1056 rationem
1508 1035 1520 1067 ,
1534 981 1570 1052 in
1581 985 1678 1073 conju
1697 1011 1738 1062 e.
1758 985 1852 1056 Nam
1866 986 1903 1056 dc

311 1091 433 1177 conjux
447 1089 480 1158 in
493 1086 644 1184 conjugis
659 1086 797 1184 gratiam
813 1077 962 1180 spernere
976 1087 1011 1154 dc
1037 1082 1205 1177 repudiare
1218 1081 1323 1178 potest
1337 1082 1550 1156 hereditatem
1574 1077 1660 1153 forte
1671 1010 1731 1154 ibi
1744 1081 1907 1163 delatam.

314 1205 352 1256 ut
379 1210 416 1256 ea
442 1183 483 1256 ad
498 1189 677 1284 conjugem
690 1186 859 1279 perveniat
877 1175 1111 1252 substitutionis
1125 1202 1180 1252 aut
1196 1181 1346 1279 legitime
1361 1180 1545 1254 hereditatis
1562 1185 1655 1274 jure,
1679 1179 1731 1252 vel
1745 1184 1843 1254 etiam
1857 1179 1908 1254 le·

310 1303 426 1398 garum
444 1282 639 1378 repudiare,
664 1281 716 1353 vel
740 1279 808 1354 stne
830 1279 1026 1353 dedustione
1044 1280 1205 1352 relliruere
1224 1279 1462 1362 hereditatem.
1485 1305 1565 1353 cum
1581 1277 1658 1352 alias
1672 1277 1914 1352 donationibue

310 1403 396 1454 tuter
409 1389 566 1551 conjuges
577 1379 791 1455 interdictum
807 1377 872 1468 stt,
896 1384 920 1451 l.
941 1381 973 1474 fi
993 1377 1123 1486 sponfits
1149 1405 1183 1470 5.
1198 1381 1228 1455 i.
1248 1405 1302 1472 ¹3·
1323 1403 1377 1470 ¹4·
1398 1406 1410 1451 r
1420 1408 1454 1473 5.
1475 1387 1522 1452 D.
1533 1381 1571 1452 de
1585 1379 1692 1452 huet.
1707 1379 1769 1452 int.
1783 1377 1850 1452 vir.
1866 1387 1918 1460 θ’

311 1507 404 1553 uxor.
419 1483 497 1577 quia
525 1478 628 1552 cilicet
642 1481 738 1563 anibi
750 1475 872 1552 dicitur
886 1527 896 1557 .
921 1480 1096 1574 pauperior
1108 1501 1179 1554 uon
1194 1473 1231 1548 fit
1245 1480 1389 1574 quinon
1402 1479 1574 1576 arlquirat,
1601 1475 1657 1551 secl
1671 1481 1732 1576 qui
1746 1477 1787 1552 de
1806 1477 1910 1576 patri·
1942 1559 1945 1564 ¹

313 1580 433 1652 monio
447 1573 506 1650 suo
520 1577 603 1676 quid
617 1573 767 1675 deposuit
779 1577 966 1651 deminuit.
1099 1625 1110 1650 .
1420 1657 1423 1668 ¹

262 1727 274 1756 .
368 1705 399 1772 ς.
424 1676 613 1752 Obtinet&
630 1675 738 1750 similis
753 1676 881 1778 Regula
895 1723 907 1756 ,
931 1697 1021 1748 extra
1032 1669 1236 1750 creditorum
1248 1677 1409 1750 rationem
1425 1727 1436 1758 ‚
1462 1674 1601 1768 inferiis
1617 1730 1628 1748 .
1654 1679 1745 1750 Natu
1757 1701 1834 1750 curu
1853 1669 1908 1748 so·

313 1777 383 1848 cius
398 1775 477 1848 inid
494 1777 587 1878 quod
603 1773 706 1850 heere
719 1774 846 1874 poffit,
872 1773 1140 1860 condemnetur,
1169 1772 1229 1848 nili
1247 1771 1333 1848 sorte
1348 1771 1423 1848 feeit
1436 1799 1508 1869 quo
1526 1778 1636 1848 minus
1660 1774 1763 1848 facere
1780 1770 1909 1870 pollet.

166 1877 175 1884 ’
313 1867 428 1947 laneis
443 1873 547 1948 heere
560 1875 697 1948 demum
717 1875 874 1954 videtur.
897 1876 958 1972 qui
975 1896 1091 1974 erogat
1114 1872 1204 1948 bona
1218 1867 1273 1946 sua
1290 1879 1325 1946 in
1348 1872 1497 1948 fraudem
1509 1875 1648 1946 aetionis
1667 1871 1813 1958 futurae,
1840 1896 1912 1944 non

313 1974 412 2088 etiarn
427 1975 488 2070 qui
500 1971 671 2048 oecalione
685 1971 881 2072 adquiretrdi
898 1999 970 2043 non
987 1978 1091 2044 utitur
1108 1976 1168 2086 ,¹1.
1184 1999 1272 2046 nemo
1289 1977 1347 2048 68.
1368 1978 1397 2051 i.
1413 1999 1443 2046 t.
1466 1981 1512 2048 D.
1534 1997 1590 2076 pre
1607 1971 1717 2064 ficio:
1743 1969 1800 2043 ubi
1813 1974 1914 2044 etiarn

314 2065 498 2264 ³:111:ssng
511 2067 1051 2276 pdpptpefiipereetsiappffpp‘ppt‘erdiikit
1065 2067 1175 2176 colligi
1191 2065 1280 2168 polle
1294 2076 1330 2146 in
1352 2072 1475 2172 quibus
1487 2075 1533 2148 iu
1550 2067 1706 2170 scriptum
1722 2072 1787 2145 est:
1811 2067 1914 2174 Quod

364 2297 402 2360 4.
427 2267 567 2344 Obrinet
581 2279 614 2344 δι
631 2269 738 2346 similis
755 2277 799 2346 R.
813 2275 847 2346 in
860 2291 1059 2372 argumento
1075 2269 1259 2350 collationis
1283 2267 1479 2358 bonorum,
1506 2273 1541 2344 in
1557 2265 1604 2368 sp.
1619 2275 1643 2345 1.
1660 2297 1695 2347 r.
1708 2273 1741 2348 l.
1754 2227 1917 2365 confertur

319 2379 426 2460 23.D.
442 2368 481 2442 de
494 2372 649 2446 cellariae.
663 2371 720 2444 ubi
735 2379 770 2444 dt
785 2375 868 2446 ratio
885 2369 1132 2445 reddituum
1148 2383 1187 2458 &-
1200 2373 1254 2444 hie
1264 2372 1324 2468 fili
1337 2373 1499 2468 inidiotis
1512 2373 1565 2466 est.
1578 2369 1742 2450 Tandem,
1755 2369 1820 2442 hoc
1835 2361 1915 2440 illud

317 2467 362 2536 est
376 2469 470 2566 quod
483 2470 672 2568 generaliter
688 2469 861 2544 definitum
875 2491 992 2542 ereata
1018 2471 1118 2544 tauto
1134 2519 1144 2552 ‚
1170 2470 1206 2542 in
1219 2476 1242 2544 l.
1254 2469 1457 2545 alienatione}
1475 2475 1531 2546 28.
1552 2480 1599 2546 D.
1615 2474 1653 2543 de
1668 2478 1709 2543 V.
1725 2481 1759 2541 S.
1781 2494 1852 2540 non
1868 2469 1920 2538 in·
2011 2470 2015 2490 ·’
2046 2497 2053 2518 ‚-

318 2563 418 2664 telligi
435 2568 572 2642 alienare
589 2575 647 2667 qni
660 2565 831 2644 occasione
844 2567 1040 2666 adquirendi
1055 2597 1126 2644 non
1141 2575 1260 2655 utitur,
1274 2571 1376 2644 veluti
1397 2575 1459 2668 qui
1471 2571 1685 2650 hereditatem
1706 2571 1847 2654 omittit,
1863 2584 1920 2638 aar
1939 2639 1942 2646 ,

317 2667 489 2761 optionem
501 2672 587 2744 intra
602 2691 729 2744 certum
744 2691 875 2766 tempus
886 2669 997 2742 datarn
1009 2695 1079 2742 non
1093 2668 1326 2766 ampleclitur.
1916 2675 1923 2684 “
2013 2681 2016 2688 ’

366 2771 406 2836 Et
426 2768 569 2862 Pupillus
585 2792 707 2850 tamen,
722 2765 800 2840 lide
811 2767 1005 2840 alienatione
1018 2771 1052 2838 in
1070 2793 1186 2866 genere
1201 2773 1390 2864 queratur(
1405 2795 1481 2866 quae
1493 2765 1612 2865 speeies
1625 2791 1735 2840 tamen
1748 2765 1815 2838 huc
1831 2787 1918 2858 pto·

187 2887 196 2906 ·
317 2865 388 2958 prie
402 2890 470 2936 non
486 2870 653 2962 pertinet)
680 2867 744 2938 alio
760 2873 831 2958 jure
846 2857 994 2938 censetur
1004 2872 1077 2957 jure
1090 2863 1260 2964 singulari:
1284 2865 1337 2938 hie
1351 2872 1440 2940 enim
1460 2867 1603 2942 fundum
1616 2867 1761 2967 legatum
1776 2859 1925 2958 repudia·

321 2982 354 3030 re
366 2985 434 3032 non
453 2967 558 3057 potell
569 2963 635 3037 fine
650 2969 799 3036 Praetoria
811 2963 1027 3036 monitate:
1052 2965 1098 3036 est
1109 2967 1199 3036 enim
1214 2964 1280 3036 hac
1293 2963 1445 3038 alienatio
1461 3021 1472 3051 ,
1487 2991 1565 3039 cunr
1579 2991 1629 3038 rea
1638 2969 1684 3038 est
1697 2961 1812 3058 pupilli
1823 2991 1830 3032 ε
1843 2961 1923 3056 quia

320 3061 357 3126 dc
369 3061 403 3128 in
420 3059 513 3132 lucto
530 3063 607 3136 huic
623 3058 768 3134 succurri
789 3058 892 3144 solet,
919 3063 943 3132 l.
959 3087 995 3151 7.
1017 3064 1046 3137 §-
1064 3071 1098 3134 6.
1116 3070 1164 3136 D.
1175 3063 1215 3133 de
1227 3059 1375 3135 minorilt.
1398 3069 1422 3136 l.
1435 3067 1536 3168 magis
1548 3088 1622 3169 peta
1639 3089 1671 3156 5.
1687 3067 1718 3141 i.
1727 3059 1872 3156 sendum
1886 3055 1923 3129 8..

320 3163 370 3230 D.
384 3157 423 3228 de
436 3157 622 3233 rehrerum
634 3158 759 3262 qnisrtlt
772 3183 834 3234 tec.
848 3165 935 3233 Vera
949 3161 991 3232 ad
1005 3159 1091 3233 hanc
1106 3165 1193 3260 Reg.
1210 3165 1358 3256 exceptio
1373 3161 1435 3246 eli,
1454 3168 1579 3238 ratione
1593 3160 1660 3236 fisci
1672 3215 1682 3246 ,
1694 3185 1732 3234 ex
1746 3158 1835 3232 l‘auli
1849 3151 1922 3228 seu·

322 3257 423 3326 tentia
438 3260 473 3328 itt
487 3262 510 3330 l.
523 3260 723 3358 infrendere
736 3285 796 3354 45.
809 3257 960 3363 inprinc.
976 3269 1023 3334 D.
1040 3255 1246 3356 dejurefiscr'
1261 3292 1273 3330 .·
1290 3259 1354 3333 Etli
1368 3259 1531 3354 Ulpianus
1547 3267 1577 3334 ei
1591 3263 1797 3360 opponitur,
1813 3261 1924 3329 Lem

321 3352 456 3452 puidam
475 3366 531 3431 26.
558 3371 603 3436 D.
619 3359 685 3432 eod.
700 3357 752 3432 rit.
781 3359 823 3432 de
843 3383 985 3456 quarum
1001 3357 1113 3458 legum
1137 3357 1367 3431 conciliatione
1385 3361 1545 3436 Nicolaut
1572 3360 1613 3432 de
1629 3355 1829 3434 passeribus,
1855 3377 1927 3454 pag.
2058 3333 2073 3430 f
2112 3409 2134 3426 ,.

324 3477 344 3548 5
353 3459 408 3526 ²⁶·
425 3465 492 3537 &c-
509 3462 574 3533 Dic
586 3455 752 3545 breviter,
778 3453 888 3532 calum
906 3459 1041 3556 Ulpiani
1056 3453 1224 3554 specialem
1236 3451 1321 3540 else.
1344 3459 1380 3530 in
1403 3465 1518 3560 capitit
1536 3485 1594 3532 teo
1610 3459 1671 3558 qui
1686 3455 1789 3528 filium
1812 3477 1929 3524 eman-

322 3552 444 3646 ciparit
460 3577 498 3650 ut
520 3557 730 3631 hereditatem
753 3557 881 3632 adirctr
907 3583 974 3655 qua
992 3560 1026 3628 in
1048 3583 1082 3628 te
1095 3560 1132 3626 dt
1147 3551 1325 3654 Rescripto
1339 3558 1415 3630 ideo
1438 3579 1523 3656 opus
1538 3557 1624 3634 luit.
1652 3563 1692 3630 Et
1707 3553 1751 3628 fic
1765 3552 1826 3628 hac
1837 3569 1931 3650 parte
2052 3609 2054 3614 -

190 3729 193 3738 ¹
323 3649 411 3722 idem
425 3659 503 3745 juris
522 3660 556 3730 in
572 3653 650 3730 fisco
667 3703 678 3742 ,
705 3655 800 3752 quod
813 3661 847 3728 in
862 3663 1017 3753 privato.
1039 3663 1063 3728 l.
1077 3663 1110 3728 6.
1124 3659 1154 3732 5.
1174 3685 1205 3752 ς.
1227 3665 1274 3732 D.
1289 3683 1355 3758 qua
1367 3656 1403 3730 in
1412 3660 1529 3754 freed.
1543 3660 1629 3730 cred.
1935 3655 1937 3662 ⁴

373 3753 469 3826 extr.
480 3755 574 3830 illum
587 3777 690 3852 quem
703 3753 768 3828 diui
781 3749 891 3828 casum
908 3753 1106 3856 singularem
1120 3779 1159 3826 ert
1176 3754 1300 3843 l’aulo,
1315 3753 1510 3843 conficitur,
1523 3777 1596 3854 quo
1610 3757 1679 3828 heac
1693 3757 1779 3852 ch.
1793 3753 1829 3824 in
1840 3741 1928 3822 sum·
2007 3759 2008 3764 ’

324 3869 415 3920 mam
429 3853 540 3932 reduci
556 3853 687 3952 potest,
710 3855 842 3927 lucrum
855 3851 976 3926 cellans
997 3854 1048 3926 tel
1063 3845 1372 3949 insuperbabitum,
1400 3851 1571 3952 spretum,
1597 3853 1809 3954 neglechtm,
1834 3845 1930 3920 dam·
2001 3885 2007 3900 ⁴
2052 3841 2071 3936 ’,

325 3969 373 4018 no
383 3975 453 4022 non
463 3957 670 4050 aequiparari:
685 3951 780 4048 quod
790 3958 888 4026 etiam
900 3975 989 4050 pacet
1005 3960 1076 4025 eal.
1096 3978 1151 4023 at.
1164 3957 1194 4032 i.
1208 3979 1284 4025 cunt
1299 3979 1355 4060 per
1368 3954 1613 4046 venditorem.
1629 3979 1690 4048 4³·
1706 3959 1753 4026 D.
1770 3947 1933 4054 deaclinae.
2067 3953 2072 3966 '

324 4047 424 4148 empti
436 4057 479 4136 ,l.
494 4055 602 4126 ultim.
631 4055 727 4125 tude
736 4052 877 4156 periculo
891 4065 930 4136 σ
945 4079 1057 4126 comm.
1071 4049 1119 4124 rei
1131 4053 1228 4126 vend.
1323 4135 1327 4144 ¹
1402 4111 1406 4116 .

376 4147 567 4224 Addunt&
581 4149 746 4224 Doctores
765 4151 823 4224 hat
842 4153 1076 4248 exceptiones,
1102 4177 1174 4226 non
1185 4149 1361 4249 procedere
1377 4151 1463 4232 hanc
1480 4159 1568 4258 Reg.
1583 4151 1619 4228 in
1632 4145 1778 4238 colibus,
1804 4151 1839 4224 in
1855 4149 1933 4247 qui·

326 4234 388 4316 bus
443 4273 473 4320 r.
489 4247 659 4322 denatura
673 4252 807 4342 judicii,
832 4257 917 4324 utin
931 4243 979 4347 lp.
997 4251 1153 4347 isedrrfi
1168 4274 1226 4344 25.
1240 4259 1271 4334 §.
1287 4255 1418 4361 perinde
1436 4260 1470 4330 8.
1490 4257 1582 4332 D.de
1597 4255 1701 4327 bned.
1712 4276 1777 4355 ptr.
1831 4275 1864 4322 a.
1881 4241 1935 4318 vel

327 4363 445 4414 natura
467 4351 657 4422 eontrastua
676 4352 753 4442 quis
774 4351 816 4422 ad
843 4357 949 4424 nitere
971 4353 1169 4437 tenebatur,
1194 4358 1218 4424 l.
1238 4373 1270 4425 a.
1296 4358 1327 4433 5.
1344 4383 1405 4428 teon
1420 4377 1574 4440 rentum,
1595 4357 1647 4428 l).
1670 4354 1708 4424 de
1722 4351 1824 4424 hored.
1839 4345 1934 4422 vend.

332 4465 365 4535 3·
392 4442 442 4514 vel
463 4469 501 4516 ert
519 4449 616 4540 pasto
628 4445 800 4557 'lingulati
815 4373 880 4522 tden
895 4457 1141 4532 contentione,
1163 4471 1201 4522 ut
1214 4452 1364 4526 Bartolut
1378 4461 1539 4527 monerio
1553 4456 1576 4527 l.
1588 4449 1648 4552 qui
1663 4474 1771 4523 uren
1786 4450 1822 4522 in
1829 4445 1935 4553 ptine.
1980 4499 1989 4515 ,

225 4584 233 4596 =
328 4547 376 4612 D.
392 4541 430 4612 de
443 4543 494 4612 his
505 4543 605 4640 quest.
621 4567 658 4615 m
665 4547 784 4638 fraud.
800 4552 886 4620 cred
902 4557 937 4618 dc
951 4545 1047 4619 latiur
1061 4554 1095 4618 in
1108 4553 1132 4619 l.
1154 4571 1185 4620 r.
1198 4553 1228 4627 5.
1243 4580 1304 4622 nott
1318 4554 1481 4649 querimus
1498 4606 1509 4638 ,
1537 4561 1581 4624 D.
1590 4555 1622 4647 fi
1631 4549 1705 4649 quis
1717 4548 1824 4644 omiffla
1838 4543 1937 4635 cauli

328 4639 395 4732 tell.
416 4647 544 4712 Verum
560 4687 571 4719 .
597 4663 634 4712 ut
648 4665 767 4714 verum
782 4647 956 4730 dicamur,
981 4645 1015 4718 id
1030 4645 1072 4718 ad
1090 4648 1267 4724 creditores
1282 4692 1293 4732 e
1318 4655 1353 4724 de
1377 4647 1419 4726 lie
1431 4650 1473 4722 ad
1489 4651 1586 4744 hujus
1612 4653 1657 4724 R.
1675 4643 1837 4746 speeiem,
1864 4669 1937 4720 non

329 4741 464 4835 proprie
485 4743 651 4835 pertinet.
679 4742 789 4816 Sed&
806 4747 928 4818 Decius
942 4747 1010 4821 ait.
1034 4745 1118 4818 hanc
1135 4751 1220 4850 Reg.
1233 4751 1409 4846 procedere
1431 4755 1465 4822 in
1478 4751 1528 4822 his
1550 4771 1625 4848 que
1643 4769 1762 4820 eontra
1774 4755 1825 4838 jus
1838 4771 1937 4818 com·
2057 4757 2086 4844 ¹.
2131 4817 2212 4864 ·.·..
2252 4709 2260 4718 -

330 4859 433 4912 mune
447 4843 706 4939 conceduntur,
732 4839 914 4918 ausleert.
929 4893 938 4920 .
967 4851 1053 4918 ltetn
1071 4843 1139 4918 hac
1159 4847 1287 4946 Regula
1306 4843 1421 4924 eess'are
1438 4845 1580 4936 dicintr,
1608 4844 1665 4922 ubi
1678 4845 1721 4922 de
1737 4843 1862 4926 damno
1886 4845 1939 5016 gi·

655 5021 659 5029 .
832 5013 841 5022 .
1835 4965 1892 5018 tall
1917 4967 1940 5016 0
