4632 5916
2014 81 2022 90 1
2118 70 2137 83 *⁴
2243 67 2252 76 ι

2013 107 2017 118 ι
2177 99 2187 118 Ι.

1976 171 1981 178 .
2159 134 2178 159 'e‘

2006 207 2011 214 “’
2018 174 2054 231 ενι

1863 257 1969 329 ἦ..

1596 257 1600 268 ,
1795 321 1916 468 s...

419 701 479 770 na
502 693 716 769 ormont.
742 695 801 766 ar
827 690 1001 764 mnut.
1027 687 1107 759 ιιι.
1123 685 1259 758 cort.
1274 667 1710 780 inluminando.
1817 728 1887 798 ις,

270 841 284 870 .,
313 819 355 868 ue
368 796 523 875 Ailorir,
549 789 603 865 seu
617 794 789 886 petitoris.
814 792 1000 892 ignorantia
1017 819 1027 858 :
1044 785 1085 856 de
1103 809 1170 880 qua
1183 781 1216 855 id
1227 779 1381 856 definitur
1395 835 1405 868 ‚
1419 789 1606 886 ignorantia
1617 794 1700 884 julla
1713 797 1890 890 petitorem
2007 808 2091 890 ·²·'²-.·.
2147 825 2149 832 ,
2218 815 2223 827 .

281 817 511 966 dvcastorcm
532 920 551 964 a
570 884 822 975 dolocxcusari,
847 883 902 961 seu
916 888 1142 981 exceptionem
1157 881 1227 954 doli
1245 886 1273 954 ei
1291 887 1517 982 nequicquam
1533 889 1665 964 obelle.
1693 894 1810 989 justa,
1836 899 1888 985 fi,
2192 923 2208 956 a

285 991 424 1088 inquam
442 1039 451 1072 2
476 996 607 1092 ignoret
621 985 750 1062 causam
765 1017 824 1064 cur
837 1015 907 1060 non
920 983 1034 1058 debeat
1047 979 1198 1078 exsequia
1221 981 1256 1056 id
1271 982 1334 1058 est.
1360 1007 1488 1078 petere.-
1515 991 1692 1088 exequendi
1716 991 1836 1070 scilicet
1851 1007 1888 1074 δι

283 1092 478 1168 aeecutionis
491 1088 594 1162 verbo
607 1090 717 1170 attio,
743 1069 882 1186 petitio,
907 1079 1090 1183 persecutio
1103 1077 1312 1179 intelligenda
1334 1083 1396 1158 estc
1424 1087 1545 1178 pariter
1559 1115 1598 1160 ne
1614 1096 1635 1162 l.
1653 1093 1711 1186 85.
1727 1103 1775 1172 D.
1789 1099 1826 1168 de
1844 1108 1886 1176 V,

285 1195 452 1270 0.t..1.§.
473 1219 504 1264 r.
523 1199 568 1263 D.
583 1191 622 1262 de
632 1189 759 1306 privat.
772 1187 876 1260 delier.
888 1189 918 1264 5.
936 1211 968 1257 1.
983 1182 1059 1276 [κβ.
1075 1182 1113 1252 de
1125 1177 1211 1284 publ.
1220 1179 1386 1292 jedieiis,
1411 1186 1435 1254 l.
1453 1210 1510 1256 ιι.
1527 1195 1573 1260 D.
1586 1190 1624 1260 de
1636 1194 1885 1284 eccufiarienibl.

282 1315 319 1376 7·
336 1293 365 1368 §.
383 1318 414 1363 1.
429 1300 476 1364 D.
489 1293 526 1363 de
536 1288 670 1378 injuriis
687 1341 695 1361 .
722 1291 850 1386 Species
863 1285 961 1376 hujus
976 1287 1063 1381 Reg.
1077 1282 1210 1376 proprie
1225 1301 1367 1372 pertinet
1381 1280 1423 1354 ad
1437 1285 1635 1368 aestatum,
1659 1291 1886 1394 dessipulario-

280 1413 324 1462 ne
331 1389 391 1479 seu
400 1389 595 1494 promiffione
605 1411 713 1462 ratem
726 1415 794 1460 rem
805 1382 933 1463 hiberi.
956 1407 1059 1478 quam
1073 1379 1219 1475 prestare
1236 1375 1425 1490 tenebatur,
1454 1385 1514 1478 qui
1530 1382 1637 1460 alieno
1654 1395 1790 1462 nomine
1812 1420 1887 1494 age·
2032 1479 2036 1488 ³
2069 1481 2072 1490 ,

278 1484 359 1570 bat,
385 1514 525 1584 nempe,
540 1487 718 1561 dominum
733 1481 788 1558 seu
804 1509 882 1557 eum
898 1535 907 1564 ,
922 1481 964 1554 ad
978 1505 1080 1578 quem
1098 1503 1147 1550 res
1163 1499 1325 1572 pertinet,
1341 1484 1435 1570 cujus
1449 1481 1491 1552 de
1503 1509 1540 1554 ea
1559 1511 1595 1558 re
1607 1491 1694 1560 attio
1711 1545 1721 1574 ‚
1746 1495 1885 1584 petitio,
2086 1485 2091 1500 '

279 1581 463 1679 perlicutio
477 1587 536 1672 stt,
562 1611 631 1660 rem
648 1611 750 1660 ratam
764 1583 975 1667 habiturum,
1002 1587 1037 1652 &
1051 1577 1188 1680 amplius
1205 1604 1265 1648 nen
1276 1577 1480 1680 petiturum,
1507 1580 1548 1654 d'e
1572 1611 1642 1682 quo
1666 1588 1813 1671 videnda
1823 1598 1887 1672 leae

286 1705 342 1773 14.
359 1711 371 1756 1
381 1713 414 1778 5.
434 1715 491 1780 ιι.
508 1697 555 1764 D.
571 1712 675 1758 reram
689 1713 756 1758 rem
767 1684 895 1765 haberi,
921 1687 944 1754 l.
964 1708 996 1752 a.
1013 1688 1060 1754 D.
1073 1703 1111 1750 ret
1124 1683 1298 1776 legatorum
1316 1725 1326 1758 ‚
1350 1685 1374 1750 l.
1392 1705 1447 1768 27.
1459 1683 1488 1757 §-.
1511 1707 1565 1774 14.
1582 1695 1629 1758 D.
1642 1687 1688 1757 ed
1703 1696 1744 1760 L.
1758 1691 1881 1788 Aquil.

279 1783 303 1854 1.
321 1783 454 1858 verbm
467 1787 603 1892 amplius
618 1789 676 1858 82.
692 1795 739 1860 D.
754 1785 792 1856 de
807 1793 847 1856 V.
861 1795 895 1857 S.
920 1787 960 1854 Et
972 1803 1054 1874 verq
1068 1803 1108 1850 eo
1121 1776 1322 1880 referendam
1336 1776 1422 1850 banc
1438 1781 1602 1880 Regulam
1628 1778 1728 1862 docet
1741 1788 1817 1862 diu.
1831 1798 1886 1865 lex

286 1905 300 1950 r
308 1908 343 1974 5.
359 1893 406 1958 D.
419 1910 524 1958 ratam
538 1913 604 1958 rene
618 1885 728 1968 hal&
743 1885 775 1956 d.
787 1887 839 1956 lex
857 1889 916 1958 82.
932 1890 977 1956 D.
992 1879 1030 1951 de
1044 1887 1084 1950 V.
1102 1885 1136 1950 S.
1153 1901 1227 1975 quat
1237 1901 1274 1948 ex
1287 1877 1404 1950 eodem
1417 1875 1504 1952 libro
1517 1876 1694 1979 desumpta
1708 1885 1784 1956 hnic
1799 1915 1883 1963 con.

279 1982 454 2082 jungenda
470 1980 565 2057 sunt:
590 1991 625 2056 &
640 1984 682 2056 ad
697 1985 873 2074 trallaturn
888 1981 1038 2054 latiorem
1051 1983 1121 2068 ejus
1134 1973 1322 2048 occasione.
1346 1980 1445 2078 Finge
1464 1981 1586 2078 igitur,
1601 1981 1685 2054 hanc
1696 1988 1885 2079 promiffio.

134 2092 144 2112 ‘
279 2103 361 2156 uem
385 2081 612 2156 interceffille?
636 2088 741 2160 Sanc.
770 2079 971 2166 sidominus
1000 2078 1111 2174 postea
1132 2098 1249 2171 perat,
1275 2080 1498 2150 committitur
1517 2079 1700 2176 stipulatio.
1732 2086 1886 2161 Similiter

280 2173 568 2278 fingeextrahanc
586 2179 723 2279 speciem
738 2182 902 2255 Heredem
918 2179 1136 2258 damnatum,
1161 2201 1241 2246 nea
1264 2173 1411 2266 debitore
1431 2175 1776 2276 hereditariopettrett
1802 2191 1885 2261 Sane
1917 2273 1921 2282 Ι
2071 2214 2075 2222 ’
2107 2199 2115 2236 -’
2147 2197 2167 2234 ”·
2201 2221 2204 2230 ·

277 2274 428 2372 fipetat',
455 2281 507 2354 vel
524 2275 794 2376 compensatione
810 2302 867 2353 aut
890 2275 1089 2351 deductione
1103 2267 1178 2346 usus
1201 2269 1262 2353 fit.
1288 2300 1326 2345 ex
1348 2275 1539 2349 testamento
1555 2301 1685 2352 tenetur
1694 2333 1707 2367 ,
1731 2283 1764 2354 d.
1781 2289 1804 2356 l.
1825 2311 1837 2356 r
1847 2313 1881 2379 5.

280 2377 377 2472 (quae
389 2377 493 2465 huic,
520 2403 558 2450 ut
572 2379 665 2464 dixi,
690 2378 924 2479 conjungenda
949 2380 1059 2469 venit)
1088 2378 1162 2456 &L
1178 2375 1211 2446 8.
1228 2375 1258 2450 i.
1275 2397 1306 2444 t.
1321 2382 1368 2446 D.
1385 2375 1422 2446 de
1435 2375 1500 2446 doli
1517 2379 1721 2481 exceptione,
1748 2406 1822 2475 quae
1845 2391 1883 2458 δι

276 2471 348 2568 ipsa
356 2477 400 2548 est
415 2477 505 2550 Pauli
518 2477 604 2552 libro
617 2488 652 2552 6.
670 2478 712 2550 ad
728 2479 912 2550 Plautium.
940 2479 1079 2571 Excipe,
1105 2469 1164 2544 nifi
1178 2471 1256 2562 justa
1271 2473 1457 2568 ignorantia
1472 2472 1511 2542 sir
1524 2475 1653 2546 domini
1666 2477 1716 2547 vel
1731 2477 1879 2564 heredis,

230 2597 233 2602 ·
276 2597 422 2648 curnon
437 2575 552 2650 debeat
566 2599 698 2672 petere,
724 2579 818 2648 hercl.
832 2579 884 2648 sic
906 2569 1021 2646 dolol'e
1045 2575 1121 2667 quis
1137 2593 1207 2640 non
1223 2567 1327 2639 facete
1341 2567 1486 2650 dicitur,
1514 2569 1628 2644 sitalis
1646 2578 1829 2674 ignorantia
1844 2585 1880 2656 in
1960 2607 1964 2614 ·
2067 2601 2076 2618 '

91 2721 95 2728 -
274 2693 319 2744 eo
333 2671 396 2758 stt,
421 2697 459 2744 ut
474 2673 556 2747 dolo
571 2691 705 2752 careat.
729 2679 754 2746 l.
771 2701 804 2745 2.
821 2668 1048 2775 §.generaliter
1063 2698 1096 2763 5.
1114 2665 1279 2743 D.eledeli
1293 2667 1372 2740 meli
1385 2693 1507 2772 except.
1525 2677 1576 2742 Ut
1590 2679 1624 2742 δι
1638 2674 1803 2761 creditor,
1819 2683 1881 2774 qui

166 2799 169 2804 ·
271 2770 408 2868 ignarus
423 2768 595 2848 solutionis
609 2771 725 2857 laste,
750 2774 860 2869 petiit:
889 2796 993 2866 quam
1009 2765 1149 2862 speciem
1161 2765 1215 2838 hic
1228 2789 1403 2860 apponunt
1414 2762 1513 2842 schol.
1530 2769 1621 2843 Basti.
1639 2797 1712 2868 quae
1759 2781 1880 2852 enuina

276 2887 387 2942 tamen
402 2873 535 2942 nonest
551 2924 560 2942 .
587 2871 691 2944 Unde
702 2891 836 2964 apparet
852 2871 984 2942 Actoris
998 2867 1114 2956 iustam
1127 2863 1305 2958 aliquando
1317 2866 1538 2964 ignorantiam
1549 2863 1632 2948 elle,
1656 2801 1759 2964 quod
1767 2895 1879 2950 tamen

275 2967 467 3066 regulariter
487 2966 695 3067 negabatur,
720 2973 745 3040 l.
762 2993 821 3058 4²·
837 2967 957 3071 snpra.
976 2959 1084 3036 'Versa
1104 2965 1205 3063 igitur
1218 2964 1290 3034 vice
1307 2961 1388 3035 dolo
1414 2969 1606 3061 exequitur,
1634 2965 1781 3070 quisquis
1807 3001 1878 3048 non
1996 3020 1998 3026 ¹

274 3063 433 3162 ignorans
447 3061 575 3138 causam
590 3093 651 3140 cur
666 3092 738 3138 non
762 3065 878 3138 debeat
893 3089 1024 3164 petere,
1048 3063 1242 3158 exequitur:
1260 3059 1284 3134 ti
1299 3059 1449 3136 modoet
1467 3061 1560 3138 causa
1573 3089 1661 3139 certa
1682 3067 1719 3139 sit
1732 3071 1765 3141 d.
1780 3077 1803 3143 l.
1823 3100 1877 3166 ¹5·

271 3159 763 3336 llil?;.'‘li.'.l².ll.lvl²
775 3163 912 3338 ‘illl‘
928 3159 1398 3336 l¹til⁵lss.l‘.l‘ss⁰”³⁵t.ll{
1411 3164 1521 3334 1⁰⁰stss
1534 3167 1877 3342 ‘iiiiiiii}i⁰i²

276 3379 312 3430 a.
329 3361 358 3436 l.
379 3285 470 3450 5.PD.
483 3364 521 3433 de
534 3289 600 3434 ioli
616 3291 851 3468 exiciiuvseluti
868 3285 1093 3460 pedridecirin
1108 3283 1583 3460 petenddliocompiniationis
1595 3415 1608 3452 ,
1633 3369 1722 3462 juxta
1750 3325 1877 3474 requei
1947 3327 1953 3339 ¹
1992 3395 1996 3406 ·
2081 3351 2083 3360 ¹

273 3454 851 3568 diuesuntadt.173.§.u1t.sscpr
874 3515 883 3536 .
1402 3469 1411 3494 ”
1684 3485 1687 3491 “

697 3663 1046 3766 ιιιιιιιιιειιιιι
1071 3669 1112 3748 a
1136 3663 1450 3736 accessorio.

468 3845 839 3938 camenarum
867 3865 1016 3954 (ranas
1028 3869 1041 3957 J
1067 3859 1145 3939 rino
1160 3859 1393 3961 quamam
1415 3859 1656 3938 natantium.

271 4005 356 4230 liupr
407 4057 559 4166 incipelis
573 4063 670 4158 cause
687 4091 749 4140 non
761 4062 924 4163 confilium
940 4027 973 4114 ..*
991 4065 1179 4172 plerumque
1191 4087 1231 4137 ne
1244 4058 1439 4162 tequidem,
1465 4083 1528 4162 que
1537 4059 1717 4160 sequuntur
1726 4111 1739 4147 ,
1762 4065 1871 4140 locem

394 4183 450 4236 nt.

350 4359 373 4406 ὅ
396 4359 518 4422 consistit
539 4365 679 4446 l.129.§.
703 4387 729 4428 ι.
747 4365 844 4448 stipem
971 4351 973 4354 .
1940 4421 1949 4462 ι

271 4530 399 4706 DE
412 4537 594 4644 Rrineipeli
608 4538 722 4628 causet,
748 4545 856 4640 deque
872 4545 909 4616 iis
922 4567 995 4639 qua
1009 4540 1222 4637 principalem
1237 4535 1367 4614 causam
1393 4535 1598 4640 sequuntur,
1624 4543 1669 4613 est
1689 4543 1757 4617 hac
1777 4543 1869 4618 Pauli

243 4635 246 4645 '
385 4639 432 4708 R.
444 4640 566 4732 pariter
580 4663 617 4710 ut
631 4639 729 4732 altera
740 4647 788 4714 R.
805 4641 882 4712 huic
897 4640 1127 4716 concordans.
1141 4636 1282 4734 ejusdem
1301 4639 1389 4714 Pauli
1406 4695 1416 4725 ,
1430 4644 1569 4714 totidem
1582 4643 1679 4712 eriam
1693 4689 1703 4720 .
1729 4669 1793 4715 um
1809 4667 1869 4713 vo·

222 4728 229 4744 '
269 4755 309 4806 ce
323 4758 473 4829 excepta,
501 4737 637 4822 verbis,
662 4741 730 4811 inl.
748 4739 832 4813 nihil
844 4741 910 4812 dole
923 4766 1010 4830 ¹¹²9·
1031 4745 1058 4817 §.
1076 4767 1104 4812 r.
1113 4741 1237 4843 ſsepra.
1260 4742 1381 4837 quibus
1400 4736 1552 4814 socianda
1565 4741 1710 4835 alioquin
1728 4758 1868 4836 quoque

271 4834 366 4908 tertia
381 4839 452 4928 Gaji
469 4839 555 4936 Rpg.
569 4839 637 4912 inl.
653 4865 685 4909 2.
704 4848 748 4912 D.
760 4841 798 4912 de
840 4839 940 4912 eculio
954 4844 1077 4940 legato.
1104 4845 1226 4936 Neque
1244 4839 1320 4914 idco
1336 4860 1442 4912 tamen
1474 4840 1540 4912 hac
1560 4845 1646 4936 Reg.
1662 4839 1778 4909 frustra
1798 4837 1865 4912 hoc
1885 4885 1887 4894 ·

270 4928 369 5002 titulo
369 4937 519 5108 Trcperita
533 4959 628 5010 extat:
640 4937 734 5038 quod
747 4861 884 5040 quidm
896 4937 1014 5016 volunt
1028 4945 1063 5016 δι
1076 4940 1246 5024 vellicant:
1256 4938 1398 5038 ideoque
1415 4939 1529 5016 velnic
1544 4935 1606 5012 sele
1614 4939 1655 5010 ad
1664 4933 1865 5034 superiorem

399 5041 524 5110 enall.
1118 5045 1149 5114 G
1158 5064 1183 5140 g
1810 5060 1861 5119 ret
