4632 5916
1171 269 1241 350 ’ἓῗίἰ
1283 289 1287 298 “
1315 323 1324 342 '

1205 336 1239 379 ’.ζ’
1269 345 1287 375 ι’
1386 371 1391 380 .

390 665 455 736 ur
480 658 737 735 rrortottxr.
766 653 872 732 xcr.
896 661 1011 732 xvir.
1039 654 1176 734 cort.
1202 613 1443 734 roirnoun
1469 657 1602 731 xmo.
1760 655 1824 754 ιι,

191 761 194 767 ’
234 757 475 840 resolutoJure
486 758 618 836 dantis,
647 752 763 826 resolvi
781 755 1017 832 &evanescere
1037 765 1092 850 jus
1105 761 1290 854 accipientis
1310 753 1427 830 necesse
1443 758 1510 838 est,
1533 763 1554 828 l.
1572 783 1630 850 3¹·
1658 763 1702 829 D.
1716 756 1754 826 de
1769 759 1829 831 Pi-

231 889 326 962 μιν.
344 867 367 932 l.
387 887 440 930 12.
457 859 532 932 eod.
557 857 595 927 de
608 853 744 954 distrasl.
756 855 845 958 pigri.
868 867 1074 953 Quanquam
1094 865 1115 928 l.
1129 863 1188 928 ult.
1212 863 1239 935 §.
1252 858 1310 948 [ed
1326 857 1427 954 quia,
1457 857 1530 926 Cod.
1556 884 1668 926 comm.
1685 857 1825 955 delegat.

238 961 440 1058 fingulariter
453 977 621 1050 receptum
637 955 680 1025 e'st
695 1013 704 1036 ,
730 953 849 1026 abolita
859 952 1309 1056 veterisjurisdisposrtione,
1335 957 1430 1054 quod
1450 955 1542 1025 heres
1556 977 1625 1025 rem
1637 948 1697 1054 sub
1710 955 1828 1028 condi-

239 1063 331 1130 tione
344 1057 485 1154 legatam
497 1055 633 1126 alienare
646 1075 805 1148 nequeat.
1145 1083 1149 1092 ·

92 1149 96 1156 ⁸
278 1153 434 1226 Tandem
449 1157 606 1249 queritur
621 1197 631 1230 ‚
654 1176 770 1222 utrum
784 1149 973 1244 servitutem
985 1153 1097 1257 predio
1112 1211 1122 1239 ,
1148 1149 1329 1252 quidnobis
1350 1151 1437 1226 abire
1446 1152 1541 1256 potest
1557 1205 1568 1234 ,
1599 1153 1609 1240 l
1623 1151 1701 1248 quia
1711 1149 1827 1247 rhypo-

237 1255 337 1326 rbetae
349 1252 385 1324 id
399 1257 589 1332 nexuimus,
614 1249 859 1350 obligavimus)
886 1251 1056 1347 imponere
1072 1258 1203 1326 interim
1218 1251 1404 1349 posfimus?
1429 1253 1468 1323 ld
1484 1249 1580 1348 quod
1601 1254 1658 1320 hac
1672 1256 1693 1321 l.
1707 1259 1828 1344 pariter

235 1347 404 1436 asseritur,
431 1352 589 1422 advocata
603 1357 637 1420 &
653 1349 820 1444 proposita
832 1353 892 1424 bac
909 1353 1035 1451 Regula
1046 1403 1056 1432 ,
1069 1357 1202 1450 Nempe
1220 1352 1414 1448 plerumque
1425 1349 1493 1422 fie'ri
1510 1369 1546 1418 ut
1559 1350 1662 1418 etiarn
1678 1374 1739 1431 ea,
1756 1375 1829 1444 qua

235 1449 332 1523 nobis
353 1449 439 1522 abire
458 1444 613 1544 possunt,
634 1449 768 1550 proinde
796 1449 855 1538 (id
874 1451 942 1528 est,
967 1451 1127 1546 perinde)
1156 1457 1190 1524 in
1209 1479 1250 1523 eo
1271 1453 1354 1522 ‘statu
1371 1451 1460 1535 sint,
1488 1471 1587 1542 atque
1604 1445 1626 1516 st
1643 1471 1713 1516 non
1731 1445 1828 1518 ess'eut

237 1555 305 1642 elus
318 1547 519 1620 conditionis
536 1599 547 1632 ,
574 1569 611 1616 ut
622 1545 715 1618 abire
729 1546 875 1642 pollent'.
904 1553 955 1621 Ac
970 1555 1166 1623 nominatim
1183 1549 1261 1622 illud
1275 1547 1418 1621 alseritur
1431 1553 1464 1620 in
1484 1547 1582 1618 bonis
1596 1543 1747 1644 obligatis
1766 1546 1828 1638 by-

87 1731 91 1734 ,
235 1647 395 1742 pothecae,
411 1641 567 1743 quaesane
579 1651 649 1738 jure
661 1647 769 1718 nostra
781 1643 971 1737 suntQuod
982 1657 1017 1721 δι
1030 1645 1136 1744 ipsum
1148 1647 1275 1721 obtinet
1288 1653 1320 1720 in
1336 1645 1680 1720 alteroillobonorum
1694 1668 1824 1740 genere,

235 1770 334 1840 qute,
356 1749 524 1840 inquam,
550 1748 645 1816 initio
664 1744 889 1840 adquisitionis
913 1774 983 1819 non
1007 1745 1146 1844 persedle
1166 1748 1261 1820 nobis
1282 1747 1441 1844 adquisita
1456 1745 1614 1826 fuerunt,
1639 1766 1755 1814 verum
1770 1739 1829 1814 sub

230 1844 427 1915 conditione
441 1839 638 1929 resolutiva,
665 1869 741 1916 nam
758 1847 865 1918 urbas
878 1873 926 1918 res
940 1851 1074 1920 interim
1090 1848 1279 1926 vindicare,
1304 1857 1339 1918 &
1353 1871 1430 1918 curn
1446 1839 1539 1918 causa
1561 1839 1696 1912 alienate
1715 1841 1826 1934 pollu-
1842 1845 1846 1857 '

234 1967 309 2026 mus
337 1947 349 2030 (
364 1947 410 2014 uti
422 1945 532 2014 omnis
549 1942 707 2014 alienatio.
717 1943 846 2034 currilit
857 1999 868 2031 ,
878 1945 934 2019 vel
946 1971 1026 2019 turn
1038 1945 1130 2020 causa
1141 1945 1196 2019 sua
1210 1947 1395 2019 dominium
1409 1946 1450 2016 ad
1464 1944 1562 2014 aliurn
1579 1937 1827 2023 transferimus,

234 2043 267 2111 d.
278 2045 300 2112 l.
318 2049 374 2126 67.
390 2045 403 2130 (
418 2065 491 2137 quae
499 2041 592 2120 huic,
603 2064 644 2113 ut
656 2039 735 2128 dixi,
750 2043 914 2142 jungenda
924 2047 992 2142 est)
1012 2055 1046 2118 &
1064 2051 1086 2120 l.
1102 2046 1233 2120 traditio
1253 2071 1309 2118 20.
1327 2055 1373 2120 D.
1396 2047 1435 2116 de
1448 2042 1576 2142 adquin
1598 2067 1659 2109 rer.
1674 2039 1760 2108 dom.
1783 2040 1827 2108 ita

234 2144 269 2210 &
285 2139 334 2209 his
346 2139 443 2211 rebus
455 2134 643 2214 servitutem
656 2145 829 2238 imponere
842 2140 1010 2240 possumus
1027 2197 1036 2225 ‚
1064 2175 1141 2220 cum
1159 2143 1213 2218 sua
1229 2141 1346 2218 scilicet
1361 2147 1481 2240 pariter
1492 2133 1607 2214 causa.
1633 2146 1766 2224 Quare,
1792 2141 1829 2205 δι

234 2235 386 2327 siberes,
410 2263 491 2310 cum
508 2239 632 2338 legatus
649 2235 722 2312 elset
739 2239 863 2316 fundus
881 2240 941 2317 sub
955 2245 1172 2332 conditione,
1197 2240 1354 2339 imposuit
1377 2240 1572 2318 servitutes,
1595 2241 1825 2334 extinguentur

161 2405 165 2410 .
234 2334 259 2407 st
275 2336 371 2408 leoati
387 2338 537 2410 conditio
550 2341 658 2412 existat
673 2345 718 2424 ‚l.
734 2340 762 2412 r’r
775 2343 830 2414 cni
848 2371 903 2414 rr.
921 2348 950 2422 §.
968 2371 998 2416 ι.
1017 2355 1062 2420 D.
1078 2345 1224 2443 quemad.
1233 2345 1322 2434 serv.
1333 2343 1442 2415 amitt.
1460 2347 1500 2412 Et
1519 2361 1606 2412 retro
1619 2357 1728 2404 tamen
1746 2331 1828 2412 sad-

232 2399 359 2603 puilirae
374 2431 557 2534 sequuntur
572 2438 787 2540 legatarium,
814 2467 851 2514 ut
869 2441 988 2516 ibidem
1009 2441 1200 2539 subjicitur.
1218 2443 1398 2516 Meliorem
1418 2443 1506 2513 enim
1518 2434 1829 2520 conditionernejus

257 2538 302 2604 eri
318 2534 365 2604 nil
382 2535 545 2630 impedit,
562 2539 714 2610 'deterior
738 2541 826 2613 reddi
846 2569 915 2612 non
935 2546 1063 2635 potest.
1092 2539 1346 2614 Observandum
1360 2565 1440 2609 vero
1464 2538 1662 2608 nominatim
1683 2531 1743 2600 bac
1760 2533 1828 2598 Re-

232 2632 311 2730 gula
321 2635 506 2727 exemplum
513 2631 578 2706 ‚seu
593 2632 732 2730 speciem
745 2641 828 2731 poni
844 2638 974 2710 inbonis
982 2640 1058 2736 fisco
1075 2635 1243 2741 obligaris,
1269 2638 1364 2733 quod
1378 2665 1437 2720 ea,
1464 2637 1627 2730 inquam,
1652 2631 1782 2700 interim
1794 2633 1830 2696 &

231 2729 443 2802 vindicare&
459 2729 619 2818 alienare,
645 2741 679 2804 &
693 2727 846 2807 servitute
861 2761 996 2834 gravare
1008 2736 1140 2810 debitor
1159 2731 1223 2808 fisci
1239 2736 1338 2831 pollit
1356 2784 1365 2808 ,
1391 2735 1598 2829 quodetiam
1617 2727 1755 2810 ostendit
1777 2728 1830 2792 lte·

138 2895 143 2906 ,
226 2834 348 2929 peirult.
360 2831 446 2918 βοά.
458 2831 500 2898 de
512 2831 671 2928 Privileg.
686 2831 842 2918 risciAEt
854 2834 940 2902 idern
955 2857 1064 2904 tamen
1080 2834 1292 2906 nibilominus
1314 2831 1490 2904 dicendum
1505 2850 1642 2923 quoque
1658 2824 1702 2892 est
1716 2828 1749 2891 in
1765 2820 1831 2891 bo·
1947 2899 1951 2907 ξ

231 2930 283 2998 nis
296 2930 394 3000 etiam
408 2924 535 3019 pupillo
549 2929 684 3026 pignori
700 2925 850 3025 obligatis
867 2981 878 3013 ‚
905 2934 953 3002 uti
967 2929 1066 3003 docet
1078 2936 1131 3002 lex
1148 2957 1203 3003 ren.
1223 2934 1297 3004 Cod.
1313 2957 1378 3002 rem
1392 2929 1486 3002 alien.
1503 2951 1622 3028 gerent.
1636 2949 1696 2996 non
1712 2919 1826 2991 interd.
1954 2912 1968 2945 ⁸

233 3029 308 3102 lmo
319 3023 410 3095 'idern
424 3025 552 3094 obtinet
574 3028 610 3096 iu
634 3025 730 3098 bonis
746 3029 934 3122 cuicunque
949 3030 1082 3102 tandem
1097 3031 1251 3104 creditori
1267 3029 1415 3128 obligatis
1431 3084 1442 3112 ‚
1465 3034 1488 3100 i.
1496 3034 1527 3122 fi
1539 3024 1657 3098 debitor
1677 3045 1731 3090 12.
1752 3019 1828 3090 Cod.

232 3121 271 3191 de
283 3121 423 3216 dist-(ael.
432 3121 559 3223 pigner.
584 3127 738 3221 Denique
761 3122 797 3196 id
815 3147 890 3196 toto
907 3133 985 3204 Jure
999 3127 1100 3202 Civili
1124 3125 1182 3199 ita'
1196 3125 1257 3200 sese
1279 3127 1423 3206 habere,
1452 3125 1657 3220 Pomponius
1682 3121 1717 3188 d.
1733 3122 1755 3189 1.
1773 3125 1830 3204 67.

238 3223 337 3314 (qua
351 3220 427 3291 buic
445 3270 456 3298 ,
485 3224 532 3291 uti
553 3221 619 3293 dixi
637 3275 647 3304 ‚
675 3221 907 3323 'conjungenda
922 3229 1066 3319 venit.‚)
1095 3221 1211 3300 diserte
1224 3223 1333 3300 scribit
1351 3276 1360 3306 ,
1385 3249 1447 3297 roro
1462 3235 1542 3315 Jure
1559 3219 1686 3302 civiti,
1715 3216 1749 3286 id
1762 3216 1830 3294 est,
1913 3263 1940 3290 ·.-
1981 3279 1987 3292 .

233 3341 304 3391 non
320 3340 450 3394 turtum
472 3345 551 3392 cum
565 3319 606 3392 de
622 3315 699 3392 fisco
717 3322 824 3421 agitur
840 3377 850 3407 ,
876 3347 993 3397 verum
1008 3333 1107 3399 eriam
1122 3349 1201 3399 cum
1218 3325 1260 3399 de
1280 3329 1434 3422 privato.
1461 3321 1564 3398 Unde
1582 3310 1832 3392 manifestissime
1894 3327 1922 3414 „j
2011 3383 2028 3417 ,1

233 3439 385 3510 apparet;
413 3417 447 3488 id
469 3417 566 3514 *quod
590 3419 635 3491 de
655 3419 751 3492 rebus
767 3417 844 3494 fisco
862 3421 1013 3524 obligatis
1041 3428 1099 3498 hac
1118 3433 1194 3526 Reg.
1221 3425 1372 3504 dicitur,
1398 3423 1533 3520 exempli
1556 3440 1685 3492 tantum
1698 3415 1831 3513 gratita
1871 3431 1905 3508 g„
1934 3463 1971 3492 .,.

233 3516 316 3585 Pom
343 3519 422 3587 onio
438 3515 585 3588 additum
603 3567 615 3599 ,
640 3525 675 3589 &
701 3521 858 3616 quiahoc
878 3520 963 3594 libro
984 3553 1038 3616 39.
1055 3520 1108 3596 seu
1125 3525 1244 3598 ultimo
1259 3525 1299 3597 ad
1312 3529 1433 3614 Quint.
1451 3525 1605 3595 Mucium
1623 3571 1634 3602 ‚
1663 3513 1751 3586 unde
1763 3512 1832 3582 hec
1859 3538 1864 3551 ¹
1925 3595 1929 3602 ἱ
1949 3565 1953 3578 .
1971 3539 1975 3548 ·

230 3610 260 3726 l..
271 3539 443 3727 desltrupta
454 3617 521 3694 est,
550 3621 756 3712 Pomponius
773 3619 898 3710 dejure
909 3623 983 3718 fifti
997 3617 1133 3718 expresse
1147 3647 1276 3724 egerat3
1293 3621 1474 3696 &tandem
1492 3620 1624 3718 quiade
1639 3617 1676 3686 iis
1690 3610 1741 3684 vel
1759 3637 1831 3680 rna-

230 3735 315 3782 xrme
327 3712 469 3784 dubitari
483 3719 593 3807 potuit
608 3769 620 3800 ‚
646 3717 796 3796 videlicet
810 3743 950 3813 propter
960 3723 1167 3822 privilegium
1181 3717 1266 3804 fisci,
1280 3749 1318 3793 ex
1333 3739 1404 3818 quo
1422 3723 1538 3794 durior
1553 3716 1661 3789 multo
1675 3705 1834 3803 cuiusque
1941 3731 1942 3734 ¹
2044 3764 2048 3772 ,

228 3809 320 3904 apud
333 3805 446 3882 fiscum
460 3811 621 3912 obligatio
633 3815 703 3899 est,
730 3837 766 3886 ut
786 3841 824 3887 ex
837 3821 956 3890 Seneca
972 3845 1112 3917 quoque
1134 3821 1239 3916 liquet
1255 3869 1266 3900 t
1290 3822 1345 3892 lib.
1360 3851 1394 3912 4.
1416 3823 1454 3892 de
1468 3817 1630 3912 Beneficiis
1647 3857 1657 3890 s
1683 3833 1752 3908 cap·
1775 3833 1832 3899 39·
2020 3823 2026 3834 ’
2051 3839 2056 3848 ·
2070 3823 2075 3834 ’

230 3909 383 4011 §pansum
400 3910 608 4001 deftrndam,
634 3914 743 4008 inquit
761 3969 771 3999 ,
798 3916 879 4013 quia
886 3920 1014 4019 promifi
1024 3973 1034 4002 ,
1056 3920 1115 4010 fid
1131 3943 1192 3990 non
1206 3923 1237 4013 fi
1251 3920 1402 4021 spondere
1414 3919 1449 3990 in
1461 3920 1620 3990 incertum
1634 3905 1759 4000 jubebis
1776 3957 1788 3988 ,
1822 3933 1835 3974 t

220 4010 298 4101 fiseo
313 4007 484 4108 deligabir.
514 4020 626 4098 Quem
639 4011 751 4109 locum
765 4015 819 4086 bic
834 4015 978 4111 opposite
993 4019 1121 4089 notavit
1149 4023 1185 4090 P.
1206 4017 1325 4102 Faber,
1352 4039 1390 4088 ut
1406 4013 1555 4086 videatur
1570 4002 1693 4082 inverse
1718 4006 1770 4076 bic
1784 4004 1834 4073 le-

230 4105 376 4202 gendum
391 4163 404 4193 ‚
430 4111 502 4182 Ideo
522 4111 610 4191 ET,
635 4114 720 4210 quod
724 4113 810 4208 fisco
825 4113 997 4217 obligamus
1010 4161 1021 4197 r
1036 4117 1070 4188 id
1084 4117 1152 4202 est,
1167 4143 1238 4188 non
1250 4139 1381 4189 tantum
1394 4112 1488 4212 quod
1497 4115 1628 4210 privato
1641 4157 1653 4189 ,
1667 4102 1723 4178 sed
1737 4107 1835 4176 etiam

230 4205 324 4296 quod
340 4204 441 4280 fisco:
469 4204 522 4282 sed
538 4208 583 4280 nil
599 4235 696 4283 muto
714 4267 723 4285 .

273 4305 324 4414 'Ex
338 4303 388 4376 bis
402 4313 468 4397 jam
482 4307 658 4383 conficitur
675 4309 828 4413 Regula,
853 4311 958 4406 hujus,
973 4311 996 4387 l.
1009 4315 1106 4386 initio
1122 4311 1247 4410 praefixa
1269 4370 1280 4406 ,
1300 4319 1397 4408 cujus
1417 4309 1470 4386 lric
1487 4303 1596 4386 sensus
1616 4305 1685 4384 cst,
1713 4301 1832 4371 statum

230 4393 388 4568 cmusaue
402 4408 446 4472 rei
463 4413 600 4498 proprio
617 4416 687 4500 jure
701 4413 818 4482 nostr-e
829 4409 1019 4504 praescntem
1035 4416 1095 4486 hac
1108 4437 1199 4510 parte
1212 4415 1407 4487 considerari
1421 4460 1432 4491 s
1458 4437 1527 4481 non
1544 4433 1623 4478 V010
1637 4400 1760 4474 attendi
1774 4399 1833 4468 ὼ·

228 4515 303 4568 tum
359 4512 497 4584 turum,
524 4529 595 4596 quo
618 4531 668 4576 res
685 4505 884 4578 nobisabire
929 4514 1037 4582 otest:
1065 4515 1219 4604 Denique
1244 4539 1313 4583 non
1330 4507 1466 4606 spestari
1482 4505 1621 4577 dominii
1637 4503 1719 4572 olim
1738 4495 1834 4568 amil-
1944 4585 1947 4592 Ι
2035 4583 2039 4592 Ι

228 4591 354 4666 sionem
364 4649 381 4708 .’
406 4605 442 4670 δι
456 4593 716 4672 auseribilitatem
731 4649 741 4681 ‚
754 4599 809 4673 sed
821 4536 958 4698 praesdrs
970 4627 1100 4682 tantum
1114 4607 1302 4682 dominium
1319 4661 1331 4692 ,
1347 4609 1402 4678 ubi
1417 4607 1457 4675 de
1471 4610 1542 4698 jure
1555 4598 1743 4672 vindicandi
1758 4599 1831 4696 agi·¹
1890 4613 1898 4670 5
1996 4595 2012 4654 s
2057 4663 2064 4676 .

229 4713 307 4774 tur,
331 4692 514 4776 altmarus,
541 4692 944 4796 servitudeimponendae:
962 4721 1049 4776 eum
1067 4709 1100 4777 in
1120 4707 1187 4779 aliis
1204 4709 1351 4804 alioquin
1368 4701 1539 4774 nonnullis
1553 4697 1654 4772 eausrs
1670 4701 1704 4771 id
1722 4719 1830 4790 arten·
2268 4783 2272 4790 ι

227 4788 346 4900 datur,
376 4818 412 4867 ut
427 4798 462 4867 in
481 4797 532 4900 sp
549 4800 667 4888 l·139·
692 4804 774 4878 §.te
787 4801 878 4905 firpr.
904 4803 958 4876 ubi
976 4801 1124 4888 dicitur,
1151 4815 1229 4881 Nun
1252 4807 1384 4908 perfesle
1404 4801 1511 4876 videri
1526 4801 1679 4896 cujusque
1694 4798 1732 4870 id
1749 4794 1852 4888 effe,·
1966 4791 1972 4884 Ἰ
2008 4861 2013 4872 ,
2154 4813 2158 4826 ’
2277 4845 2282 4852 -

227 4895 313 4988 quod
323 4923 364 4968 rx
380 4897 456 4991 cifis
468 4896 722 5003 auferripuest,
749 4908 784 4974 &
797 4906 833 4974 in
845 4897 895 5000 sp.
910 4908 933 4978 l.
951 4905 1132 4992 Neratius,
1161 4915 1220 4996 63.
1237 4915 1283 4979 D.
1300 4905 1337 4978 de
1349 4901 1483 4978 condiu.
1495 4899 1601 4978 indtb.
1627 4909 1666 4983 ὠ
1681 4895 1782 4971 lixo.
1807 4899 1829 4970 l.
1951 4906 1973 4990 J,
2201 4909 2211 4922 '

311 5051 319 5071 .
913 5003 917 5013 ’
976 5007 1045 5076 Nn
1099 5030 1117 5075 2
1690 5001 1832 5088 '¹343
1968 5007 2038 5046 ⁴·
2150 5037 2152 5044 ·
