<?xml version="1.0" encoding="UTF-8"?>
<!DOCTYPE html PUBLIC "-//W3C//DTD XHTML 1.0 Transitional//EN"
    "http://www.w3.org/TR/xhtml1/DTD/xhtml1-transitional.dtd">
<html xmlns="http://www.w3.org/1999/xhtml" xml:lang="en" lang="en">
 <head>
  <title>
</title>
<meta http-equiv="Content-Type" content="text/html;charset=utf-8" />
  <meta name='ocr-system' content='tesseract 3.04.00' />
  <meta name='ocr-capabilities' content='ocr_page ocr_carea ocr_par ocr_line ocrx_word'/>
</head>
<body>
  <div class='ocr_page' id='page_1' title='image "./jacobigothofred00godegoog_0057.png"; bbox 0 0 4724 5930; ppageno 0'>
   <div class='ocr_carea' id='block_1_1' title="bbox 324 559 1936 962">
    <p class='ocr_par' dir='ltr' id='par_1_1' title="bbox 324 559 1936 962">
     <span class='ocr_line' id='line_1_1' title="bbox 501 559 1934 665; baseline 0.003 -25"><span class='ocrx_word' id='word_1_1' title='bbox 501 565 561 642; x_wconf 87' lang='lat' dir='ltr'>DE</span> <span class='ocrx_word' id='word_1_2' title='bbox 574 567 708 642; x_wconf 77' lang='lat' dir='ltr'>CAUS.</span> <span class='ocrx_word' id='word_1_3' title='bbox 721 565 883 640; x_wconf 81' lang='lat' dir='ltr'>DAMNI</span> <span class='ocrx_word' id='word_1_4' title='bbox 896 561 1061 636; x_wconf 76' lang='lat' dir='ltr'>1ch</span> <span class='ocrx_word' id='word_1_5' title='bbox 1063 565 1092 640; x_wconf 63' lang='lat' dir='ltr'>Is</span> <span class='ocrx_word' id='word_1_6' title='bbox 1104 564 1165 634; x_wconf 81' lang='lat' dir='ltr'>XI.</span> <span class='ocrx_word' id='word_1_7' title='bbox 1181 560 1314 636; x_wconf 87' lang='lat' dir='ltr'>COLL.</span> <span class='ocrx_word' id='word_1_8' title='bbox 1330 559 1481 652; x_wconf 66' lang='lat' dir='ltr'>emet„</span> <span class='ocrx_word' id='word_1_9' title='bbox 1502 564 1779 642; x_wconf 63' lang='lat' dir='ltr'>Resupnum</span> <span class='ocrx_word' id='word_1_10' title='bbox 1892 599 1934 665; x_wconf 82' lang='lat'>51</span> 
     </span>
     <span class='ocr_line' id='line_1_2' title="bbox 324 662 1930 764; baseline 0.005 -28"><span class='ocrx_word' id='word_1_11' title='bbox 324 691 347 736; x_wconf 76' lang='lat' dir='ltr'><em>a</em></span> <span class='ocrx_word' id='word_1_12' title='bbox 366 664 446 756; x_wconf 69' lang='lat' dir='ltr'>nost.</span> <span class='ocrx_word' id='word_1_13' title='bbox 457 664 512 738; x_wconf 74' lang='lat' dir='ltr'>lib.</span> <span class='ocrx_word' id='word_1_14' title='bbox 527 672 549 738; x_wconf 94' lang='lat' dir='ltr'>l.</span> <span class='ocrx_word' id='word_1_15' title='bbox 568 693 602 758; x_wconf 87' lang='lat'>5.</span> <span class='ocrx_word' id='word_1_16' title='bbox 616 671 646 745; x_wconf 86' lang='lat'>§.</span> <span class='ocrx_word' id='word_1_17' title='bbox 664 695 694 760; x_wconf 80' lang='lat'>3.</span> <span class='ocrx_word' id='word_1_18' title='bbox 710 675 755 738; x_wconf 90' lang='lat' dir='ltr'>D.</span> <span class='ocrx_word' id='word_1_19' title='bbox 774 665 860 762; x_wconf 81' lang='lat' dir='ltr'>quod</span> <span class='ocrx_word' id='word_1_20' title='bbox 871 662 910 736; x_wconf 80' lang='lat' dir='ltr'>vi</span> <span class='ocrx_word' id='word_1_21' title='bbox 924 687 981 734; x_wconf 78' lang='lat' dir='ltr'>aut</span> <span class='ocrx_word' id='word_1_22' title='bbox 1001 666 1098 744; x_wconf 83' lang='lat' dir='ltr'>clam,</span> <span class='ocrx_word' id='word_1_23' title='bbox 1113 665 1135 731; x_wconf 92' lang='lat' dir='ltr'>l.</span> <span class='ocrx_word' id='word_1_24' title='bbox 1157 688 1189 750; x_wconf 83' lang='lat'>3.</span> <span class='ocrx_word' id='word_1_25' title='bbox 1203 670 1249 734; x_wconf 89' lang='lat' dir='ltr'>D.</span> <span class='ocrx_word' id='word_1_26' title='bbox 1267 663 1304 734; x_wconf 82' lang='lat' dir='ltr'>de</span> <span class='ocrx_word' id='word_1_27' title='bbox 1330 663 1490 750; x_wconf 68' lang='lat' dir='ltr'>Accusat.</span> <span class='ocrx_word' id='word_1_28' title='bbox 1516 667 1735 738; x_wconf 83' lang='lat' dir='ltr'>Derxuntiatio</span> <span class='ocrx_word' id='word_1_29' title='bbox 1752 669 1930 764; x_wconf 59' lang='lat' dir='ltr'>,inquanu</span> 
     </span>
     <span class='ocr_line' id='line_1_3' title="bbox 340 755 1935 862; baseline 0.004 -26"><span class='ocrx_word' id='word_1_30' title='bbox 340 763 379 836; x_wconf 88' lang='lat' dir='ltr'>ed</span> <span class='ocrx_word' id='word_1_31' title='bbox 396 765 602 850; x_wconf 77' lang='lat' dir='ltr'>verecunda,</span> <span class='ocrx_word' id='word_1_32' title='bbox 625 760 804 838; x_wconf 84' lang='lat' dir='ltr'>itascilicet</span> <span class='ocrx_word' id='word_1_33' title='bbox 819 791 861 836; x_wconf 90' lang='lat' dir='ltr'>ne</span> <span class='ocrx_word' id='word_1_34' title='bbox 875 785 913 836; x_wconf 90' lang='lat' dir='ltr'>ut</span> <span class='ocrx_word' id='word_1_35' title='bbox 928 762 1147 836; x_wconf 76' lang='lat' dir='ltr'>extraheretur</span> <span class='ocrx_word' id='word_1_36' title='bbox 1168 763 1243 856; x_wconf 86' lang='lat' dir='ltr'>quis</span> <span class='ocrx_word' id='word_1_37' title='bbox 1257 759 1419 836; x_wconf 74' lang='lat' dir='ltr'>dedomo</span> <span class='ocrx_word' id='word_1_38' title='bbox 1434 757 1512 848; x_wconf 80' lang='lat' dir='ltr'>surr,</span> <span class='ocrx_word' id='word_1_39' title='bbox 1534 763 1634 862; x_wconf 66' lang='lat' dir='ltr'>&#39;quod</span> <span class='ocrx_word' id='word_1_40' title='bbox 1657 755 1794 860; x_wconf 74' lang='lat' dir='ltr'>Ulpiani.</span> <span class='ocrx_word' id='word_1_41' title='bbox 1817 763 1935 843; x_wconf 85' lang='lat' dir='ltr'>diserte</span> 
     </span>
     <span class='ocr_line' id='line_1_4' title="bbox 325 853 1936 962; baseline -0.002 -26"><span class='ocrx_word' id='word_1_42' title='bbox 325 857 436 936; x_wconf 89' lang='lat' dir='ltr'>scribit</span> <span class='ocrx_word' id='word_1_43' title='bbox 449 866 482 936; x_wconf 86' lang='lat' dir='ltr'>d.</span> <span class='ocrx_word' id='word_1_44' title='bbox 494 870 517 936; x_wconf 93' lang='lat' dir='ltr'>l.</span> <span class='ocrx_word' id='word_1_45' title='bbox 535 895 570 954; x_wconf 83' lang='lat'>4.</span> <span class='ocrx_word' id='word_1_46' title='bbox 586 869 613 942; x_wconf 82' lang='lat'>§.</span> <span class='ocrx_word' id='word_1_47' title='bbox 632 893 665 957; x_wconf 88' lang='lat'>5.</span> <span class='ocrx_word' id='word_1_48' title='bbox 682 863 783 962; x_wconf 67' lang='lat' dir='ltr'>quod⁴</span> <span class='ocrx_word' id='word_1_49' title='bbox 795 871 829 934; x_wconf 90' lang='lat'><strong>&amp;</strong></span> <span class='ocrx_word' id='word_1_50' title='bbox 844 857 951 958; x_wconf 89' lang='lat' dir='ltr'>ipsum</span> <span class='ocrx_word' id='word_1_51' title='bbox 968 861 1084 935; x_wconf 82' lang='lat' dir='ltr'>Paulus</span> <span class='ocrx_word' id='word_1_52' title='bbox 1099 863 1129 932; x_wconf 82' lang='lat' dir='ltr'>lt.</span> <span class='ocrx_word' id='word_1_53' title='bbox 1146 864 1169 931; x_wconf 93' lang='lat' dir='ltr'>l.</span> <span class='ocrx_word' id='word_1_54' title='bbox 1187 856 1322 933; x_wconf 71' lang='lat' dir='ltr'>scribit.</span> <span class='ocrx_word' id='word_1_55' title='bbox 1351 855 1500 955; x_wconf 73' lang='lat' dir='ltr'>Rursurn</span> <span class='ocrx_word' id='word_1_56' title='bbox 1514 865 1558 936; x_wconf 70' lang='lat' dir='ltr'>ich</span> <span class='ocrx_word' id='word_1_57' title='bbox 1577 862 1769 936; x_wconf 79' lang='lat' dir='ltr'>mittebatur</span> <span class='ocrx_word' id='word_1_58' title='bbox 1787 853 1936 942; x_wconf 70' lang='lat' dir='ltr'>adiersa.</span> 
     </span>
    </p>
   </div>
   <div class='ocr_carea' id='block_1_2' title="bbox 317 945 1983 3044">
    <p class='ocr_par' dir='ltr' id='par_1_2' title="bbox 317 945 1983 3044">
     <span class='ocr_line' id='line_1_5' title="bbox 325 945 1938 1062; baseline 0.001 -31"><span class='ocrx_word' id='word_1_59' title='bbox 325 963 391 1032; x_wconf 89' lang='lat' dir='ltr'>tius</span> <span class='ocrx_word' id='word_1_60' title='bbox 404 965 440 1034; x_wconf 91' lang='lat' dir='ltr'>in</span> <span class='ocrx_word' id='word_1_61' title='bbox 449 961 681 1058; x_wconf 86' lang='lat' dir='ltr'>possessionem</span> <span class='ocrx_word' id='word_1_62' title='bbox 693 963 812 1034; x_wconf 72' lang='lat' dir='ltr'>edium</span> <span class='ocrx_word' id='word_1_63' title='bbox 823 965 1031 1041; x_wconf 72' lang='lat' dir='ltr'>vicinarum.</span> <span class='ocrx_word' id='word_1_64' title='bbox 1047 963 1202 1034; x_wconf 74' lang='lat' dir='ltr'>hultenus</span> <span class='ocrx_word' id='word_1_65' title='bbox 1216 1009 1226 1039; x_wconf 79' lang='grc'><em>,</em></span> <span class='ocrx_word' id='word_1_66' title='bbox 1242 945 1466 1056; x_wconf 69' lang='lat' dir='ltr'>ut‘molestt&#39;lpt</span> <span class='ocrx_word' id='word_1_67' title='bbox 1481 959 1690 1036; x_wconf 73' lang='lat' dir='ltr'>santum-sese</span> <span class='ocrx_word' id='word_1_68' title='bbox 1702 965 1842 1038; x_wconf 87' lang='lat' dir='ltr'>domino</span> <span class='ocrx_word' id='word_1_69' title='bbox 1851 993 1938 1062; x_wconf 77' lang='lat' dir='ltr'>prae.</span> 
     </span>
     <span class='ocr_line' id='line_1_6' title="bbox 324 1037 1936 1160; baseline 0.004 -28"><span class='ocrx_word' id='word_1_70' title='bbox 324 1057 439 1146; x_wconf 86' lang='lat' dir='ltr'>beret,</span> <span class='ocrx_word' id='word_1_71' title='bbox 466 1089 536 1134; x_wconf 94' lang='lat' dir='ltr'>non</span> <span class='ocrx_word' id='word_1_72' title='bbox 550 1067 648 1134; x_wconf 85' lang='lat' dir='ltr'>etiarn</span> <span class='ocrx_word' id='word_1_73' title='bbox 663 1086 700 1134; x_wconf 92' lang='lat' dir='ltr'>ut</span> <span class='ocrx_word' id='word_1_74' title='bbox 715 1065 791 1134; x_wconf 93' lang='lat' dir='ltr'>inde</span> <span class='ocrx_word' id='word_1_75' title='bbox 803 1088 880 1134; x_wconf 87' lang='lat' dir='ltr'>cum</span> <span class='ocrx_word' id='word_1_76' title='bbox 895 1063 1095 1134; x_wconf 79' lang='lat' dir='ltr'>extraheret:</span> <span class='ocrx_word' id='word_1_77' title='bbox 1123 1057 1177 1130; x_wconf 81' lang='lat' dir='ltr'>Ad</span> <span class='ocrx_word' id='word_1_78' title='bbox 1190 1059 1332 1132; x_wconf 88' lang='lat' dir='ltr'>eundem</span> <span class='ocrx_word' id='word_1_79' title='bbox 1349 1055 1423 1132; x_wconf 84' lang='lat' dir='ltr'>sane</span> <span class='ocrx_word' id='word_1_80' title='bbox 1436 1037 1580 1134; x_wconf 82' lang='lat' dir='ltr'>modum</span> <span class='ocrx_word' id='word_1_81' title='bbox 1593 1061 1649 1132; x_wconf 82' lang='lat' dir='ltr'>eth</span> <span class='ocrx_word' id='word_1_82' title='bbox 1669 1067 1727 1160; x_wconf 93' lang='lat' dir='ltr'>qui</span> <span class='ocrx_word' id='word_1_83' title='bbox 1738 1064 1831 1136; x_wconf 88' lang='lat' dir='ltr'>domi</span> <span class='ocrx_word' id='word_1_84' title='bbox 1846 1095 1936 1159; x_wconf 78' lang='lat' dir='ltr'>con·</span> 
     </span>
     <span class='ocr_line' id='line_1_7' title="bbox 323 1155 1934 1258; baseline 0.008 -30"><span class='ocrx_word' id='word_1_85' title='bbox 323 1156 432 1232; x_wconf 79' lang='lat' dir='ltr'>sistens</span> <span class='ocrx_word' id='word_1_86' title='bbox 447 1187 484 1234; x_wconf 86' lang='lat' dir='ltr'>ex</span> <span class='ocrx_word' id='word_1_87' title='bbox 494 1160 628 1256; x_wconf 76' lang='lat' dir='ltr'>publico</span> <span class='ocrx_word' id='word_1_88' title='bbox 643 1157 866 1258; x_wconf 84' lang='lat' dir='ltr'>conspicitur,</span> <span class='ocrx_word' id='word_1_89' title='bbox 894 1161 943 1234; x_wconf 83' lang='lat' dir='ltr'>vel</span> <span class='ocrx_word' id='word_1_90' title='bbox 959 1166 1018 1258; x_wconf 92' lang='lat' dir='ltr'>qui</span> <span class='ocrx_word' id='word_1_91' title='bbox 1032 1160 1159 1234; x_wconf 81' lang='lat' dir='ltr'>edicunt</span> <span class='ocrx_word' id='word_1_92' title='bbox 1170 1159 1211 1232; x_wconf 82' lang='lat' dir='ltr'>ad</span> <span class='ocrx_word' id='word_1_93' title='bbox 1223 1155 1254 1232; x_wconf 93' lang='lat' dir='ltr'>se</span> <span class='ocrx_word' id='word_1_94' title='bbox 1265 1160 1406 1256; x_wconf 74' lang='lat' dir='ltr'>prestet,</span> <span class='ocrx_word' id='word_1_95' title='bbox 1420 1161 1505 1238; x_wconf 62' lang='lat' dir='ltr'>reete</span> <span class='ocrx_word' id='word_1_96' title='bbox 1518 1165 1552 1234; x_wconf 90' lang='lat' dir='ltr'>itt</span> <span class='ocrx_word' id='word_1_97' title='bbox 1567 1166 1619 1251; x_wconf 88' lang='lat' dir='ltr'>jus</span> <span class='ocrx_word' id='word_1_98' title='bbox 1630 1185 1789 1244; x_wconf 87' lang='lat' dir='ltr'>vocetur,</span> <span class='ocrx_word' id='word_1_99' title='bbox 1804 1171 1934 1241; x_wconf 86' lang='lat' dir='ltr'>atenim</span> 
     </span>
     <span class='ocr_line' id='line_1_8' title="bbox 324 1256 1928 1350; baseline 0.004 -20"><span class='ocrx_word' id='word_1_100' title='bbox 324 1256 485 1344; x_wconf 81' lang='lat' dir='ltr'>dedomo</span> <span class='ocrx_word' id='word_1_101' title='bbox 502 1257 673 1334; x_wconf 80' lang='lat' dir='ltr'>suanemo</span> <span class='ocrx_word' id='word_1_102' title='bbox 688 1260 811 1334; x_wconf 75' lang='lat' dir='ltr'>exutlxi</span> <span class='ocrx_word' id='word_1_103' title='bbox 828 1259 951 1340; x_wconf 84' lang='lat' dir='ltr'>debet,</span> <span class='ocrx_word' id='word_1_104' title='bbox 976 1263 1046 1335; x_wconf 87' lang='lat' dir='ltr'>rl.l.</span> <span class='ocrx_word' id='word_1_105' title='bbox 1070 1263 1124 1332; x_wconf 84' lang='lat'>18.</span> <span class='ocrx_word' id='word_1_106' title='bbox 1146 1289 1157 1332; x_wconf 96' lang='grc' dir='ltr'>ι</span> <span class='ocrx_word' id='word_1_107' title='bbox 1166 1289 1201 1350; x_wconf 82' lang='grc'>9.</span> <span class='ocrx_word' id='word_1_108' title='bbox 1223 1287 1278 1334; x_wconf 86' lang='grc' dir='ltr'>ιο.</span> <span class='ocrx_word' id='word_1_109' title='bbox 1292 1262 1374 1342; x_wconf 72' lang='lat' dir='ltr'>&amp;d</span> <span class='ocrx_word' id='word_1_110' title='bbox 1391 1265 1414 1332; x_wconf 92' lang='lat' dir='ltr'>l.</span> <span class='ocrx_word' id='word_1_111' title='bbox 1437 1287 1493 1334; x_wconf 83' lang='lat' dir='ltr'>tt.</span> <span class='ocrx_word' id='word_1_112' title='bbox 1519 1271 1565 1336; x_wconf 90' lang='lat' dir='ltr'>D.</span> <span class='ocrx_word' id='word_1_113' title='bbox 1590 1261 1745 1350; x_wconf 77' lang='lat' dir='ltr'>leinjus</span> <span class='ocrx_word' id='word_1_114' title='bbox 1765 1269 1928 1340; x_wconf 84' lang='lat' dir='ltr'>vocando.</span> 
     </span>
     <span class='ocr_line' id='line_1_9' title="bbox 373 1357 1933 1458; baseline 0.005 -28"><span class='ocrx_word' id='word_1_115' title='bbox 373 1364 463 1458; x_wconf 85' lang='lat' dir='ltr'>Ergo</span> <span class='ocrx_word' id='word_1_116' title='bbox 477 1359 518 1430; x_wconf 89' lang='lat' dir='ltr'>de</span> <span class='ocrx_word' id='word_1_117' title='bbox 532 1357 638 1432; x_wconf 86' lang='lat' dir='ltr'>domo</span> <span class='ocrx_word' id='word_1_118' title='bbox 654 1357 708 1431; x_wconf 81' lang='lat' dir='ltr'>sua</span> <span class='ocrx_word' id='word_1_119' title='bbox 721 1360 843 1432; x_wconf 84' lang='lat' dir='ltr'>extrahi</span> <span class='ocrx_word' id='word_1_120' title='bbox 858 1357 913 1436; x_wconf 89' lang='lat' dir='ltr'>seu</span> <span class='ocrx_word' id='word_1_121' title='bbox 925 1359 1051 1432; x_wconf 82' lang='lat' dir='ltr'>extrudi</span> <span class='ocrx_word' id='word_1_122' title='bbox 1075 1385 1175 1432; x_wconf 86' lang='lat' dir='ltr'>nemo</span> <span class='ocrx_word' id='word_1_123' title='bbox 1191 1357 1286 1431; x_wconf 85' lang='lat' dir='ltr'>debet</span> <span class='ocrx_word' id='word_1_124' title='bbox 1303 1387 1312 1431; x_wconf 80' lang='grc' dir='ltr'>ι</span> <span class='ocrx_word' id='word_1_125' title='bbox 1339 1369 1468 1438; x_wconf 82' lang='lat' dir='ltr'>Nemo,</span> <span class='ocrx_word' id='word_1_126' title='bbox 1494 1363 1653 1455; x_wconf 79' lang='lat' dir='ltr'>inquam,</span> <span class='ocrx_word' id='word_1_127' title='bbox 1681 1360 1746 1436; x_wconf 83' lang='lat' dir='ltr'>five</span> <span class='ocrx_word' id='word_1_128' title='bbox 1770 1364 1804 1432; x_wconf 89' lang='lat' dir='ltr'>in</span> <span class='ocrx_word' id='word_1_129' title='bbox 1824 1369 1876 1454; x_wconf 88' lang='lat' dir='ltr'>jus</span> <span class='ocrx_word' id='word_1_130' title='bbox 1892 1364 1933 1438; x_wconf 82' lang='lat' dir='ltr'>ad</span> 
     </span>
     <span class='ocr_line' id='line_1_10' title="bbox 323 1455 1930 1556; baseline 0.005 -28"><span class='ocrx_word' id='word_1_131' title='bbox 323 1459 501 1529; x_wconf 83' lang='lat' dir='ltr'>Praetorem</span> <span class='ocrx_word' id='word_1_132' title='bbox 514 1456 554 1530; x_wconf 84' lang='lat' dir='ltr'>ab</span> <span class='ocrx_word' id='word_1_133' title='bbox 568 1455 748 1532; x_wconf 80' lang='lat' dir='ltr'>adversario</span> <span class='ocrx_word' id='word_1_134' title='bbox 761 1465 787 1531; x_wconf 92' lang='lat' dir='ltr'>is</span> <span class='ocrx_word' id='word_1_135' title='bbox 800 1483 938 1532; x_wconf 88' lang='lat' dir='ltr'>vocetur</span> <span class='ocrx_word' id='word_1_136' title='bbox 954 1465 966 1548; x_wconf 74' lang='lat' dir='ltr'>l</span> <span class='ocrx_word' id='word_1_137' title='bbox 978 1485 1048 1556; x_wconf 91' lang='lat' dir='ltr'>quo</span> <span class='ocrx_word' id='word_1_138' title='bbox 1065 1459 1288 1532; x_wconf 85' lang='lat' dir='ltr'>Tribonianus</span> <span class='ocrx_word' id='word_1_139' title='bbox 1302 1459 1386 1530; x_wconf 87' lang='lat' dir='ltr'>hanc</span> <span class='ocrx_word' id='word_1_140' title='bbox 1401 1458 1423 1531; x_wconf 91' lang='lat' dir='ltr'>l.</span> <span class='ocrx_word' id='word_1_141' title='bbox 1447 1459 1587 1532; x_wconf 82' lang='lat' dir='ltr'>traduxit</span> <span class='ocrx_word' id='word_1_142' title='bbox 1605 1465 1619 1552; x_wconf 60' lang='lat'>5</span> <span class='ocrx_word' id='word_1_143' title='bbox 1637 1457 1702 1530; x_wconf 87' lang='lat' dir='ltr'>five</span> <span class='ocrx_word' id='word_1_144' title='bbox 1729 1459 1930 1537; x_wconf 79' lang='lat' dir='ltr'>adversarius</span> 
     </span>
     <span class='ocr_line' id='line_1_11' title="bbox 323 1553 1931 1656; baseline 0.005 -30"><span class='ocrx_word' id='word_1_145' title='bbox 323 1557 359 1626; x_wconf 88' lang='lat' dir='ltr'>in</span> <span class='ocrx_word' id='word_1_146' title='bbox 373 1560 399 1646; x_wconf 85' lang='lat' dir='ltr'>ej</span> <span class='ocrx_word' id='word_1_147' title='bbox 405 1583 441 1628; x_wconf 92' lang='lat' dir='ltr'>us</span> <span class='ocrx_word' id='word_1_148' title='bbox 458 1555 577 1631; x_wconf 72' lang='lat' dir='ltr'>edium</span> <span class='ocrx_word' id='word_1_149' title='bbox 588 1555 822 1654; x_wconf 86' lang='lat' dir='ltr'>possessionem</span> <span class='ocrx_word' id='word_1_150' title='bbox 832 1557 945 1632; x_wconf 78' lang='lat' dir='ltr'>darrnti</span> <span class='ocrx_word' id='word_1_151' title='bbox 957 1558 1069 1630; x_wconf 74' lang='lat' dir='ltr'>infecti</span> <span class='ocrx_word' id='word_1_152' title='bbox 1083 1553 1206 1632; x_wconf 76' lang='lat' dir='ltr'>causta</span> <span class='ocrx_word' id='word_1_153' title='bbox 1219 1563 1360 1632; x_wconf 83' lang='lat' dir='ltr'>Praetore</span> <span class='ocrx_word' id='word_1_154' title='bbox 1380 1560 1551 1638; x_wconf 79' lang='lat' dir='ltr'>mittetur,</span> <span class='ocrx_word' id='word_1_155' title='bbox 1568 1582 1641 1655; x_wconf 81' lang='lat' dir='ltr'>quae</span> <span class='ocrx_word' id='word_1_156' title='bbox 1652 1562 1853 1656; x_wconf 82' lang='lat' dir='ltr'>genuittu&#39;est</span> <span class='ocrx_word' id='word_1_157' title='bbox 1867 1563 1931 1634; x_wconf 91' lang='lat' dir='ltr'>hu-</span> 
     </span>
     <span class='ocr_line' id='line_1_12' title="bbox 321 1651 1931 1820; baseline 0.008 -96"><span class='ocrx_word' id='word_1_158' title='bbox 321 1658 478 1820; x_wconf 62' lang='lat' dir='ltr'>jussReg.</span> <span class='ocrx_word' id='word_1_159' title='bbox 493 1651 627 1753; x_wconf 82' lang='lat' dir='ltr'>specics:</span> <span class='ocrx_word' id='word_1_160' title='bbox 653 1663 807 1760; x_wconf 83' lang='lat' dir='ltr'>Denique</span> <span class='ocrx_word' id='word_1_161' title='bbox 820 1667 927 1734; x_wconf 76' lang='lat' dir='ltr'>Nem</span> <span class='ocrx_word' id='word_1_162' title='bbox 944 1708 955 1742; x_wconf 84' lang='lat'>‚</span> <span class='ocrx_word' id='word_1_163' title='bbox 979 1657 1038 1732; x_wconf 85' lang='lat' dir='ltr'>etfi</span> <span class='ocrx_word' id='word_1_164' title='bbox 1052 1658 1173 1732; x_wconf 87' lang='lat' dir='ltr'>domus</span> <span class='ocrx_word' id='word_1_165' title='bbox 1187 1663 1254 1756; x_wconf 83' lang='lat' dir='ltr'>ejus</span> <span class='ocrx_word' id='word_1_166' title='bbox 1270 1660 1400 1730; x_wconf 74' lang='lat' dir='ltr'>ruinam</span> <span class='ocrx_word' id='word_1_167' title='bbox 1415 1659 1579 1739; x_wconf 72' lang='lat' dir='ltr'>minetur,</span> <span class='ocrx_word' id='word_1_168' title='bbox 1604 1681 1682 1734; x_wconf 85' lang='lat' dir='ltr'>cunt</span> <span class='ocrx_word' id='word_1_169' title='bbox 1708 1657 1799 1734; x_wconf 78' lang='lat' dir='ltr'>aliter</span> <span class='ocrx_word' id='word_1_170' title='bbox 1823 1667 1931 1741; x_wconf 87' lang='lat' dir='ltr'>caveri</span> 
     </span>
     <span class='ocr_line' id='line_1_13' title="bbox 349 1777 452 1826; baseline 0.019 -2"><span class='ocrx_word' id='word_1_171' title='bbox 349 1777 452 1826; x_wconf 87' lang='lat' dir='ltr'>osrt.</span> 
     </span>
     <span class='ocr_line' id='line_1_14' title="bbox 323 1775 1929 1959; baseline 0.007 -35"><span class='ocrx_word' id='word_1_172' title='bbox 323 1775 346 1848; x_wconf 71' lang='lat' dir='ltr'><strong>P</strong></span> <span class='ocrx_word' id='word_1_173' title='bbox 373 1857 419 1924; x_wconf 86' lang='lat' dir='ltr'>Ex</span> <span class='ocrx_word' id='word_1_174' title='bbox 433 1853 553 1947; x_wconf 87' lang='lat' dir='ltr'>quibus</span> <span class='ocrx_word' id='word_1_175' title='bbox 564 1854 691 1934; x_wconf 83' lang='lat' dir='ltr'>duabus</span> <span class='ocrx_word' id='word_1_176' title='bbox 706 1864 856 1959; x_wconf 79' lang='lat' dir='ltr'>genuinis</span> <span class='ocrx_word' id='word_1_177' title='bbox 872 1856 1035 1958; x_wconf 87' lang='lat' dir='ltr'>speciebus</span> <span class='ocrx_word' id='word_1_178' title='bbox 1047 1865 1114 1956; x_wconf 85' lang='lat' dir='ltr'>jam</span> <span class='ocrx_word' id='word_1_179' title='bbox 1127 1857 1231 1956; x_wconf 87' lang='lat' dir='ltr'>liquet</span> <span class='ocrx_word' id='word_1_180' title='bbox 1248 1863 1260 1950; x_wconf 86' lang='grc'>(</span> <span class='ocrx_word' id='word_1_181' title='bbox 1269 1857 1363 1956; x_wconf 90' lang='lat' dir='ltr'>quod</span> <span class='ocrx_word' id='word_1_182' title='bbox 1376 1863 1574 1954; x_wconf 82' lang='lat' dir='ltr'>interpretes</span> <span class='ocrx_word' id='word_1_183' title='bbox 1586 1859 1672 1930; x_wconf 74' lang='lat' dir='ltr'>reste</span> <span class='ocrx_word' id='word_1_184' title='bbox 1684 1865 1826 1950; x_wconf 82' lang='lat' dir='ltr'>norant)</span> <span class='ocrx_word' id='word_1_185' title='bbox 1844 1858 1929 1936; x_wconf 82' lang='lat' dir='ltr'>hunc</span> 
     </span>
     <span class='ocr_line' id='line_1_15' title="bbox 324 1949 1931 2056; baseline 0.007 -34"><span class='ocrx_word' id='word_1_186' title='bbox 324 1951 411 2052; x_wconf 83' lang='lat' dir='ltr'>Reg.</span> <span class='ocrx_word' id='word_1_187' title='bbox 428 1949 652 2030; x_wconf 79' lang='lat' dir='ltr'>essedecaufis</span> <span class='ocrx_word' id='word_1_188' title='bbox 665 1983 793 2031; x_wconf 83' lang='lat' dir='ltr'>tantum</span> <span class='ocrx_word' id='word_1_189' title='bbox 819 1965 1026 2056; x_wconf 80' lang='lat' dir='ltr'>privatorum</span> <span class='ocrx_word' id='word_1_190' title='bbox 1042 1957 1192 2034; x_wconf 88' lang='lat' dir='ltr'>civilibus</span> <span class='ocrx_word' id='word_1_191' title='bbox 1211 1957 1453 2054; x_wconf 79' lang='lat' dir='ltr'>accipiendam.</span> <span class='ocrx_word' id='word_1_192' title='bbox 1482 1967 1594 2044; x_wconf 85' lang='lat' dir='ltr'>Quare</span> <span class='ocrx_word' id='word_1_193' title='bbox 1611 1962 1622 2046; x_wconf 95' lang='lat'>(</span> <span class='ocrx_word' id='word_1_194' title='bbox 1640 1980 1678 2028; x_wconf 93' lang='lat' dir='ltr'>ut</span> <span class='ocrx_word' id='word_1_195' title='bbox 1690 1955 1931 2052; x_wconf 78' lang='lat' dir='ltr'>objectionibus</span> 
     </span>
     <span class='ocr_line' id='line_1_16' title="bbox 322 2053 1932 2152; baseline 0.004 -28"><span class='ocrx_word' id='word_1_196' title='bbox 322 2073 415 2124; x_wconf 80' lang='lat' dir='ltr'>nunc</span> <span class='ocrx_word' id='word_1_197' title='bbox 428 2065 649 2149; x_wconf 81' lang='lat' dir='ltr'>occurratur)</span> <span class='ocrx_word' id='word_1_198' title='bbox 669 2061 753 2130; x_wconf 73' lang='lat' dir='ltr'>reue</span> <span class='ocrx_word' id='word_1_199' title='bbox 765 2060 818 2130; x_wconf 90' lang='lat' dir='ltr'>hic</span> <span class='ocrx_word' id='word_1_200' title='bbox 844 2081 937 2130; x_wconf 80' lang='lat' dir='ltr'>notat</span> <span class='ocrx_word' id='word_1_201' title='bbox 951 2058 1147 2143; x_wconf 83' lang='lat' dir='ltr'>Accurfius,</span> <span class='ocrx_word' id='word_1_202' title='bbox 1174 2061 1208 2129; x_wconf 91' lang='lat' dir='ltr'>in</span> <span class='ocrx_word' id='word_1_203' title='bbox 1219 2057 1440 2130; x_wconf 78' lang='lat' dir='ltr'>criminalibus</span> <span class='ocrx_word' id='word_1_204' title='bbox 1454 2053 1543 2152; x_wconf 80' lang='lat' dir='ltr'>poss&#39;e</span> <span class='ocrx_word' id='word_1_205' title='bbox 1569 2081 1670 2152; x_wconf 86' lang='lat' dir='ltr'>quem</span> <span class='ocrx_word' id='word_1_206' title='bbox 1694 2057 1735 2128; x_wconf 88' lang='lat' dir='ltr'>de</span> <span class='ocrx_word' id='word_1_207' title='bbox 1755 2057 1860 2128; x_wconf 90' lang='lat' dir='ltr'>domo</span> <span class='ocrx_word' id='word_1_208' title='bbox 1877 2054 1932 2130; x_wconf 76' lang='lat' dir='ltr'>sua</span> 
     </span>
     <span class='ocr_line' id='line_1_17' title="bbox 324 2150 1930 2252; baseline 0.006 -34"><span class='ocrx_word' id='word_1_209' title='bbox 324 2150 469 2229; x_wconf 62' lang='lat' dir='ltr'>extrahi.</span> <span class='ocrx_word' id='word_1_210' title='bbox 493 2155 652 2249; x_wconf 77' lang='lat' dir='ltr'>atqueibi</span> <span class='ocrx_word' id='word_1_211' title='bbox 667 2161 809 2252; x_wconf 89' lang='lat' dir='ltr'>requiri:</span> <span class='ocrx_word' id='word_1_212' title='bbox 827 2151 880 2230; x_wconf 90' lang='lat' dir='ltr'>sed</span> <span class='ocrx_word' id='word_1_213' title='bbox 897 2159 1025 2231; x_wconf 78' lang='lat' dir='ltr'>maloin</span> <span class='ocrx_word' id='word_1_214' title='bbox 1042 2159 1075 2229; x_wconf 93' lang='lat' dir='ltr'>id</span> <span class='ocrx_word' id='word_1_215' title='bbox 1088 2157 1229 2230; x_wconf 83' lang='lat' dir='ltr'>advocat</span> <span class='ocrx_word' id='word_1_216' title='bbox 1245 2156 1378 2229; x_wconf 86' lang='lat' dir='ltr'>Novell.</span> <span class='ocrx_word' id='word_1_217' title='bbox 1396 2181 1474 2250; x_wconf 84' lang='lat'>134.</span> <span class='ocrx_word' id='word_1_218' title='bbox 1488 2181 1520 2230; x_wconf 88' lang='lat' dir='ltr'>c.</span> <span class='ocrx_word' id='word_1_219' title='bbox 1534 2185 1567 2244; x_wconf 86' lang='lat'>4.</span> <span class='ocrx_word' id='word_1_220' title='bbox 1588 2154 1682 2226; x_wconf 81' lang='lat' dir='ltr'>Adde</span> <span class='ocrx_word' id='word_1_221' title='bbox 1694 2153 1837 2250; x_wconf 84' lang='lat' dir='ltr'>publicas</span> <span class='ocrx_word' id='word_1_222' title='bbox 1851 2181 1930 2228; x_wconf 82' lang='lat' dir='ltr'>ctu-</span> 
     </span>
     <span class='ocr_line' id='line_1_18' title="bbox 324 2239 1983 2352; baseline 0.007 -36"><span class='ocrx_word' id='word_1_223' title='bbox 324 2239 420 2320; x_wconf 84' lang='lat' dir='ltr'>sas&amp;</span> <span class='ocrx_word' id='word_1_224' title='bbox 435 2247 577 2324; x_wconf 87' lang='lat' dir='ltr'>fiscales.</span> <span class='ocrx_word' id='word_1_225' title='bbox 604 2255 708 2342; x_wconf 87' lang='lat' dir='ltr'>Quod</span> <span class='ocrx_word' id='word_1_226' title='bbox 725 2260 771 2328; x_wconf 94' lang='lat' dir='ltr'>uti</span> <span class='ocrx_word' id='word_1_227' title='bbox 785 2260 935 2332; x_wconf 91' lang='lat' dir='ltr'>moribus</span> <span class='ocrx_word' id='word_1_228' title='bbox 961 2257 1127 2330; x_wconf 88' lang='lat' dir='ltr'>hodiernis</span> <span class='ocrx_word' id='word_1_229' title='bbox 1152 2255 1416 2352; x_wconf 82' lang='lat' dir='ltr'>comprobatur,</span> <span class='ocrx_word' id='word_1_230' title='bbox 1443 2259 1489 2328; x_wconf 82' lang='lat' dir='ltr'>ita</span> <span class='ocrx_word' id='word_1_231' title='bbox 1514 2261 1549 2330; x_wconf 71' lang='lat' dir='ltr'>d&lt;</span> <span class='ocrx_word' id='word_1_232' title='bbox 1572 2259 1642 2347; x_wconf 90' lang='lat' dir='ltr'>jure</span> <span class='ocrx_word' id='word_1_233' title='bbox 1666 2255 1807 2338; x_wconf 80' lang='lat' dir='ltr'>nostro,</span> <span class='ocrx_word' id='word_1_234' title='bbox 1836 2255 1932 2350; x_wconf 87' lang='lat' dir='ltr'>quod</span> <span class='ocrx_word' id='word_1_235' title='bbox 1980 2261 1983 2268; x_wconf 84' lang='grc'><strong>’</strong></span> 
     </span>
     <span class='ocr_line' id='line_1_19' title="bbox 324 2347 1931 2454; baseline 0.004 -37"><span class='ocrx_word' id='word_1_236' title='bbox 324 2347 465 2420; x_wconf 83' lang='lat' dir='ltr'>ostendit</span> <span class='ocrx_word' id='word_1_237' title='bbox 476 2347 529 2420; x_wconf 70' lang='lat' dir='ltr'>lex&#39;</span> <span class='ocrx_word' id='word_1_238' title='bbox 556 2379 588 2424; x_wconf 90' lang='lat'>2.</span> <span class='ocrx_word' id='word_1_239' title='bbox 607 2363 644 2426; x_wconf 88' lang='lat' dir='ltr'>C.</span> <span class='ocrx_word' id='word_1_240' title='bbox 660 2355 891 2454; x_wconf 80' lang='lat' dir='ltr'>defugitr&#39;oir,</span> <span class='ocrx_word' id='word_1_241' title='bbox 916 2364 952 2428; x_wconf 75' lang='lat' dir='ltr'>dt</span> <span class='ocrx_word' id='word_1_242' title='bbox 970 2362 982 2447; x_wconf 90' lang='grc'>(</span> <span class='ocrx_word' id='word_1_243' title='bbox 992 2356 1086 2454; x_wconf 91' lang='lat' dir='ltr'>quod</span> <span class='ocrx_word' id='word_1_244' title='bbox 1100 2355 1198 2428; x_wconf 87' lang='lat' dir='ltr'>Frther</span> <span class='ocrx_word' id='word_1_245' title='bbox 1213 2359 1299 2428; x_wconf 73' lang='lat' dir='ltr'>reete</span> <span class='ocrx_word' id='word_1_246' title='bbox 1312 2355 1469 2428; x_wconf 78' lang='lat' dir='ltr'>indicavit</span> <span class='ocrx_word' id='word_1_247' title='bbox 1486 2361 1497 2444; x_wconf 88' lang='lat'><strong>)</strong></span> <span class='ocrx_word' id='word_1_248' title='bbox 1514 2359 1567 2424; x_wconf 84' lang='lat' dir='ltr'>lex</span> <span class='ocrx_word' id='word_1_249' title='bbox 1586 2380 1615 2428; x_wconf 90' lang='lat' dir='ltr'>t.</span> <span class='ocrx_word' id='word_1_250' title='bbox 1633 2363 1667 2426; x_wconf 91' lang='lat' dir='ltr'>C.</span> <span class='ocrx_word' id='word_1_251' title='bbox 1679 2355 1716 2424; x_wconf 83' lang='lat' dir='ltr'>de</span> <span class='ocrx_word' id='word_1_252' title='bbox 1728 2353 1931 2450; x_wconf 56' lang='lat' dir='ltr'>effodiens:</span> 
     </span>
     <span class='ocr_line' id='line_1_20' title="bbox 324 2445 1931 2557; baseline 0.006 -41"><span class='ocrx_word' id='word_1_253' title='bbox 324 2447 406 2536; x_wconf 75' lang='lat' dir='ltr'>Jad.</span> <span class='ocrx_word' id='word_1_254' title='bbox 427 2446 482 2519; x_wconf 92' lang='lat' dir='ltr'>ubi</span> <span class='ocrx_word' id='word_1_255' title='bbox 500 2445 573 2520; x_wconf 83' lang='lat' dir='ltr'>sane</span> <span class='ocrx_word' id='word_1_256' title='bbox 586 2454 884 2528; x_wconf 73' lang='lat' dir='ltr'>matribussrmilias</span> <span class='ocrx_word' id='word_1_257' title='bbox 897 2455 932 2528; x_wconf 92' lang='lat' dir='ltr'>id</span> <span class='ocrx_word' id='word_1_258' title='bbox 946 2455 1106 2557; x_wconf 84' lang='lat' dir='ltr'>fingulare</span> <span class='ocrx_word' id='word_1_259' title='bbox 1119 2452 1314 2530; x_wconf 86' lang='lat' dir='ltr'>beneficium</span> <span class='ocrx_word' id='word_1_260' title='bbox 1330 2461 1366 2526; x_wconf 88' lang='lat'><strong>&amp;</strong></span> <span class='ocrx_word' id='word_1_261' title='bbox 1393 2454 1601 2551; x_wconf 86' lang='lat' dir='ltr'>privilegium</span> <span class='ocrx_word' id='word_1_262' title='bbox 1631 2453 1808 2530; x_wconf 88' lang='lat' dir='ltr'>tribuitur,</span> <span class='ocrx_word' id='word_1_263' title='bbox 1834 2474 1931 2526; x_wconf 84' lang='lat' dir='ltr'>utne</span> 
     </span>
     <span class='ocr_line' id='line_1_21' title="bbox 317 2549 1929 2654; baseline 0.004 -38"><span class='ocrx_word' id='word_1_264' title='bbox 317 2565 445 2649; x_wconf 78' lang='lat' dir='ltr'>propter</span> <span class='ocrx_word' id='word_1_265' title='bbox 468 2549 574 2622; x_wconf 69' lang='lat' dir='ltr'>delira</span> <span class='ocrx_word' id='word_1_266' title='bbox 584 2551 714 2653; x_wconf 71' lang='lat' dir='ltr'>publica</span> <span class='ocrx_word' id='word_1_267' title='bbox 729 2549 781 2628; x_wconf 89' lang='lat' dir='ltr'>seu</span> <span class='ocrx_word' id='word_1_268' title='bbox 798 2579 934 2654; x_wconf 89' lang='lat' dir='ltr'>propter</span> <span class='ocrx_word' id='word_1_269' title='bbox 948 2582 1018 2628; x_wconf 89' lang='lat' dir='ltr'>rern</span> <span class='ocrx_word' id='word_1_270' title='bbox 1033 2555 1238 2631; x_wconf 81' lang='lat' dir='ltr'>tributariam</span> <span class='ocrx_word' id='word_1_271' title='bbox 1256 2559 1326 2644; x_wconf 81' lang='lat' dir='ltr'>(ita</span> <span class='ocrx_word' id='word_1_272' title='bbox 1340 2558 1429 2628; x_wconf 83' lang='lat' dir='ltr'>enirn</span> <span class='ocrx_word' id='word_1_273' title='bbox 1443 2552 1491 2626; x_wconf 86' lang='lat' dir='ltr'>lex</span> <span class='ocrx_word' id='word_1_274' title='bbox 1506 2553 1560 2629; x_wconf 78' lang='lat' dir='ltr'>illa</span> <span class='ocrx_word' id='word_1_275' title='bbox 1581 2553 1769 2647; x_wconf 76' lang='lat' dir='ltr'>accipienda</span> <span class='ocrx_word' id='word_1_276' title='bbox 1798 2551 1866 2635; x_wconf 85' lang='lat' dir='ltr'>est,</span> <span class='ocrx_word' id='word_1_277' title='bbox 1893 2558 1929 2624; x_wconf 80' lang='grc' dir='ltr'>δι</span> 
     </span>
     <span class='ocr_line' id='line_1_22' title="bbox 322 2643 1929 2758; baseline 0.005 -46"><span class='ocrx_word' id='word_1_278' title='bbox 322 2668 389 2716; x_wconf 78' lang='lat' dir='ltr'>uox</span> <span class='ocrx_word' id='word_1_279' title='bbox 401 2645 576 2720; x_wconf 66' lang='lat' dir='ltr'>debirarum</span> <span class='ocrx_word' id='word_1_280' title='bbox 588 2651 818 2752; x_wconf 77' lang='lat' dir='ltr'>intelligenda,</span> <span class='ocrx_word' id='word_1_281' title='bbox 830 2679 895 2750; x_wconf 90' lang='lat' dir='ltr'>pro</span> <span class='ocrx_word' id='word_1_282' title='bbox 909 2681 976 2751; x_wconf 84' lang='lat' dir='ltr'>qua</span> <span class='ocrx_word' id='word_1_283' title='bbox 990 2659 1088 2726; x_wconf 82' lang='lat' dir='ltr'>etiam</span> <span class='ocrx_word' id='word_1_284' title='bbox 1102 2681 1181 2726; x_wconf 87' lang='lat' dir='ltr'>mox</span> <span class='ocrx_word' id='word_1_285' title='bbox 1196 2657 1380 2747; x_wconf 78' lang='lat' dir='ltr'>neceffitares</span> <span class='ocrx_word' id='word_1_286' title='bbox 1390 2652 1533 2758; x_wconf 77' lang='lat' dir='ltr'>publicas</span> <span class='ocrx_word' id='word_1_287' title='bbox 1550 2658 1675 2746; x_wconf 74' lang='lat' dir='ltr'>vocat)</span> <span class='ocrx_word' id='word_1_288' title='bbox 1696 2648 1737 2722; x_wconf 91' lang='lat' dir='ltr'>de</span> <span class='ocrx_word' id='word_1_289' title='bbox 1752 2647 1859 2722; x_wconf 89' lang='lat' dir='ltr'>domo</span> <span class='ocrx_word' id='word_1_290' title='bbox 1872 2643 1929 2728; x_wconf 70' lang='lat' dir='ltr'>sue</span> 
     </span>
     <span class='ocr_line' id='line_1_23' title="bbox 320 2742 1526 2855; baseline 0.01 -41"><span class='ocrx_word' id='word_1_291' title='bbox 320 2742 356 2814; x_wconf 82' lang='lat' dir='ltr'>iu</span> <span class='ocrx_word' id='word_1_292' title='bbox 368 2744 539 2838; x_wconf 88' lang='lat' dir='ltr'>publicum</span> <span class='ocrx_word' id='word_1_293' title='bbox 553 2751 789 2844; x_wconf 79' lang='lat' dir='ltr'>protrahantur</span> <span class='ocrx_word' id='word_1_294' title='bbox 804 2786 815 2826; x_wconf 91' lang='lat'><em>:</em></span> <span class='ocrx_word' id='word_1_295' title='bbox 841 2758 875 2826; x_wconf 86' lang='lat' dir='ltr'>in</span> <span class='ocrx_word' id='word_1_296' title='bbox 887 2757 1010 2828; x_wconf 70' lang='lat' dir='ltr'>ceteris</span> <span class='ocrx_word' id='word_1_297' title='bbox 1027 2758 1127 2855; x_wconf 78' lang='lat' dir='ltr'>igitur</span> <span class='ocrx_word' id='word_1_298' title='bbox 1141 2754 1174 2828; x_wconf 87' lang='lat' dir='ltr'>id</span> <span class='ocrx_word' id='word_1_299' title='bbox 1188 2749 1361 2826; x_wconf 78' lang='lat' dir='ltr'>obtinuisse</span> <span class='ocrx_word' id='word_1_300' title='bbox 1375 2775 1526 2845; x_wconf 89' lang='lat' dir='ltr'>oportet.</span> 
     </span>
     <span class='ocr_line' id='line_1_24' title="bbox 324 2847 1929 2948; baseline 0.003 -33"><span class='ocrx_word' id='word_1_301' title='bbox 324 2882 330 2891; x_wconf 96' lang='lat'>·</span> <span class='ocrx_word' id='word_1_302' title='bbox 373 2848 429 2916; x_wconf 84' lang='grc' dir='ltr'>Αιι</span> <span class='ocrx_word' id='word_1_303' title='bbox 442 2869 552 2918; x_wconf 82' lang='lat' dir='ltr'>autern</span> <span class='ocrx_word' id='word_1_304' title='bbox 562 2849 659 2941; x_wconf 75' lang='lat' dir='ltr'>saber</span> <span class='ocrx_word' id='word_1_305' title='bbox 672 2858 823 2926; x_wconf 73' lang='lat' dir='ltr'>melleam</span> <span class='ocrx_word' id='word_1_306' title='bbox 837 2853 878 2926; x_wconf 89' lang='lat' dir='ltr'>de</span> <span class='ocrx_word' id='word_1_307' title='bbox 895 2853 1001 2926; x_wconf 80' lang='lat' dir='ltr'>domo</span> <span class='ocrx_word' id='word_1_308' title='bbox 1017 2848 1072 2924; x_wconf 80' lang='lat' dir='ltr'>sua</span> <span class='ocrx_word' id='word_1_309' title='bbox 1085 2852 1198 2948; x_wconf 85' lang='lat' dir='ltr'>expelli</span> <span class='ocrx_word' id='word_1_310' title='bbox 1212 2853 1335 2924; x_wconf 78' lang='lat' dir='ltr'>extrahi</span> <span class='ocrx_word' id='word_1_311' title='bbox 1349 2851 1479 2946; x_wconf 72' lang='lat' dir='ltr'>possita</span> <span class='ocrx_word' id='word_1_312' title='bbox 1510 2854 1622 2921; x_wconf 89' lang='lat' dir='ltr'>vicino</span> <span class='ocrx_word' id='word_1_313' title='bbox 1646 2847 1787 2932; x_wconf 85' lang='lat' dir='ltr'>ludite,</span> <span class='ocrx_word' id='word_1_314' title='bbox 1814 2847 1929 2920; x_wconf 84' lang='lat' dir='ltr'>Advo-</span> 
     </span>
     <span class='ocr_line' id='line_1_25' title="bbox 321 2940 1928 3044; baseline 0.004 -31"><span class='ocrx_word' id='word_1_315' title='bbox 321 2963 419 3026; x_wconf 74' lang='lat' dir='ltr'>cato,</span> <span class='ocrx_word' id='word_1_316' title='bbox 445 2940 712 3034; x_wconf 89' lang='lat' dir='ltr'>Jurisconsulto‚</span> <span class='ocrx_word' id='word_1_317' title='bbox 738 2955 904 3036; x_wconf 81' lang='lat' dir='ltr'>Literato,</span> <span class='ocrx_word' id='word_1_318' title='bbox 922 2953 1062 3022; x_wconf 69' lang='lat' dir='ltr'>tradant</span> <span class='ocrx_word' id='word_1_319' title='bbox 1075 2949 1138 3022; x_wconf 89' lang='lat' dir='ltr'>late</span> <span class='ocrx_word' id='word_1_320' title='bbox 1151 2950 1321 3034; x_wconf 75' lang='lat' dir='ltr'>nannius,</span> <span class='ocrx_word' id='word_1_321' title='bbox 1338 2949 1360 3021; x_wconf 88' lang='lat' dir='ltr'>l.</span> <span class='ocrx_word' id='word_1_322' title='bbox 1384 2977 1413 3020; x_wconf 91' lang='grc' dir='ltr'>ι.</span> <span class='ocrx_word' id='word_1_323' title='bbox 1427 2975 1515 3022; x_wconf 82' lang='lat' dir='ltr'>num.</span> <span class='ocrx_word' id='word_1_324' title='bbox 1536 2976 1592 3044; x_wconf 83' lang='lat'>30.</span> <span class='ocrx_word' id='word_1_325' title='bbox 1599 2949 1659 3038; x_wconf 60' lang='grc' dir='ltr'>Μ.</span> <span class='ocrx_word' id='word_1_326' title='bbox 1668 2947 1811 3024; x_wconf 72' lang='lat' dir='ltr'>marrim.</span> <span class='ocrx_word' id='word_1_327' title='bbox 1826 2952 1847 3026; x_wconf 90' lang='lat' dir='ltr'>J</span> <span class='ocrx_word' id='word_1_328' title='bbox 1849 2942 1928 3020; x_wconf 77' lang='lat' dir='ltr'>tson</span> 
     </span>
    </p>
   </div>
   <div class='ocr_carea' id='block_1_3' title="bbox 203 3041 1927 3144">
    <p class='ocr_par' dir='ltr' id='par_1_3' title="bbox 203 3041 1927 3144">
     <span class='ocr_line' id='line_1_26' title="bbox 203 3041 1927 3144; baseline 0.003 -30"><span class='ocrx_word' id='word_1_329' title='bbox 203 3107 210 3114; x_wconf 94' lang='lat'>.</span> <span class='ocrx_word' id='word_1_330' title='bbox 321 3041 428 3112; x_wconf 78' lang='lat' dir='ltr'>Lucas</span> <span class='ocrx_word' id='word_1_331' title='bbox 444 3043 486 3113; x_wconf 91' lang='lat' dir='ltr'>de</span> <span class='ocrx_word' id='word_1_332' title='bbox 503 3047 612 3115; x_wconf 76' lang='lat' dir='ltr'>Penne</span> <span class='ocrx_word' id='word_1_333' title='bbox 625 3099 635 3131; x_wconf 90' lang='lat'>,</span> <span class='ocrx_word' id='word_1_334' title='bbox 660 3047 697 3118; x_wconf 83' lang='lat' dir='ltr'>in</span> <span class='ocrx_word' id='word_1_335' title='bbox 709 3053 733 3121; x_wconf 93' lang='lat' dir='ltr'>l.</span> <span class='ocrx_word' id='word_1_336' title='bbox 749 3077 806 3120; x_wconf 84' lang='lat' dir='ltr'>rm.</span> <span class='ocrx_word' id='word_1_337' title='bbox 821 3061 859 3121; x_wconf 89' lang='lat' dir='ltr'>C.</span> <span class='ocrx_word' id='word_1_338' title='bbox 874 3053 912 3120; x_wconf 81' lang='lat' dir='ltr'>de</span> <span class='ocrx_word' id='word_1_339' title='bbox 919 3049 1037 3142; x_wconf 76' lang='lat' dir='ltr'>studiis</span> <span class='ocrx_word' id='word_1_340' title='bbox 1050 3049 1104 3122; x_wconf 79' lang='lat' dir='ltr'>lil.</span> <span class='ocrx_word' id='word_1_341' title='bbox 1119 3047 1253 3144; x_wconf 70' lang='lat' dir='ltr'>cepola</span> <span class='ocrx_word' id='word_1_342' title='bbox 1266 3045 1307 3119; x_wconf 91' lang='lat' dir='ltr'>de</span> <span class='ocrx_word' id='word_1_343' title='bbox 1314 3047 1500 3139; x_wconf 73' lang='lat' dir='ltr'>serviturib.</span> <span class='ocrx_word' id='word_1_344' title='bbox 1513 3073 1629 3144; x_wconf 73' lang='lat' dir='ltr'>c.·405.</span> <span class='ocrx_word' id='word_1_345' title='bbox 1647 3053 1693 3118; x_wconf 83' lang='lat' dir='ltr'>Ex</span> <span class='ocrx_word' id='word_1_346' title='bbox 1706 3043 1816 3120; x_wconf 86' lang='lat' dir='ltr'>Pillius</span> <span class='ocrx_word' id='word_1_347' title='bbox 1832 3053 1927 3122; x_wconf 69' lang='lat' dir='ltr'>Orat.</span> 
     </span>
    </p>
   </div>
   <div class='ocr_carea' id='block_1_4' title="bbox 319 3141 1928 3246">
    <p class='ocr_par' dir='ltr' id='par_1_4' title="bbox 319 3141 1928 3246">
     <span class='ocr_line' id='line_1_27' title="bbox 319 3141 1928 3246; baseline 0.006 -37"><span class='ocrx_word' id='word_1_348' title='bbox 319 3165 384 3230; x_wconf 70' lang='lat' dir='ltr'>qe.</span> <span class='ocrx_word' id='word_1_349' title='bbox 401 3145 544 3213; x_wconf 80' lang='lat' dir='ltr'>Bouvot.</span> <span class='ocrx_word' id='word_1_350' title='bbox 571 3167 596 3215; x_wconf 87' lang='lat' dir='ltr'>t.</span> <span class='ocrx_word' id='word_1_351' title='bbox 617 3171 649 3216; x_wconf 86' lang='grc' dir='ltr'>ι.</span> <span class='ocrx_word' id='word_1_352' title='bbox 665 3146 742 3218; x_wconf 78' lang='lat' dir='ltr'>vide</span> <span class='ocrx_word' id='word_1_353' title='bbox 759 3148 929 3231; x_wconf 81' lang='lat' dir='ltr'>domicile,</span> <span class='ocrx_word' id='word_1_354' title='bbox 955 3147 1053 3246; x_wconf 81' lang='lat' dir='ltr'>quest.</span> <span class='ocrx_word' id='word_1_355' title='bbox 1073 3175 1104 3219; x_wconf 91' lang='lat'>2.</span> <span class='ocrx_word' id='word_1_356' title='bbox 1130 3154 1259 3218; x_wconf 87' lang='lat' dir='ltr'>Verum</span> <span class='ocrx_word' id='word_1_357' title='bbox 1271 3147 1406 3240; x_wconf 79' lang='lat' dir='ltr'>quaestio</span> <span class='ocrx_word' id='word_1_358' title='bbox 1419 3145 1488 3222; x_wconf 74' lang='lat' dir='ltr'>haec</span> <span class='ocrx_word' id='word_1_359' title='bbox 1504 3171 1581 3218; x_wconf 88' lang='lat' dir='ltr'>cum</span> <span class='ocrx_word' id='word_1_360' title='bbox 1594 3144 1654 3222; x_wconf 77' lang='lat' dir='ltr'>hec</span> <span class='ocrx_word' id='word_1_361' title='bbox 1668 3151 1753 3243; x_wconf 79' lang='lat' dir='ltr'>Reg.</span> <span class='ocrx_word' id='word_1_362' title='bbox 1771 3141 1818 3216; x_wconf 88' lang='lat' dir='ltr'>nil</span> <span class='ocrx_word' id='word_1_363' title='bbox 1831 3171 1928 3218; x_wconf 88' lang='lat' dir='ltr'>com·</span> 
     </span>
    </p>
   </div>
   <div class='ocr_carea' id='block_1_5' title="bbox 180 3236 1926 3346">
    <p class='ocr_par' dir='ltr' id='par_1_5' title="bbox 180 3236 1926 3346">
     <span class='ocr_line' id='line_1_28' title="bbox 180 3236 1926 3346; baseline -0.001 -35"><span class='ocrx_word' id='word_1_364' title='bbox 180 3320 190 3342; x_wconf 71' lang='lat'>.</span> <span class='ocrx_word' id='word_1_365' title='bbox 272 3327 276 3336; x_wconf 93' lang='lat'>.</span> <span class='ocrx_word' id='word_1_366' title='bbox 322 3236 554 3312; x_wconf 78' lang='lat' dir='ltr'>munehtbet:</span> <span class='ocrx_word' id='word_1_367' title='bbox 580 3243 614 3312; x_wconf 92' lang='lat' dir='ltr'>in</span> <span class='ocrx_word' id='word_1_368' title='bbox 630 3267 665 3314; x_wconf 81' lang='lat' dir='ltr'>ea</span> <span class='ocrx_word' id='word_1_369' title='bbox 677 3249 801 3342; x_wconf 80' lang='lat' dir='ltr'>quippe</span> <span class='ocrx_word' id='word_1_370' title='bbox 813 3273 881 3318; x_wconf 92' lang='lat' dir='ltr'>non</span> <span class='ocrx_word' id='word_1_371' title='bbox 895 3249 1003 3346; x_wconf 75' lang='lat' dir='ltr'>agitur</span> <span class='ocrx_word' id='word_1_372' title='bbox 1016 3244 1058 3318; x_wconf 91' lang='lat' dir='ltr'>de</span> <span class='ocrx_word' id='word_1_373' title='bbox 1071 3245 1260 3341; x_wconf 86' lang='lat' dir='ltr'>expellendo</span> <span class='ocrx_word' id='word_1_374' title='bbox 1273 3245 1386 3342; x_wconf 82' lang='lat' dir='ltr'>aliquo</span> <span class='ocrx_word' id='word_1_375' title='bbox 1399 3243 1556 3318; x_wconf 85' lang='lat' dir='ltr'>dedomo</span> <span class='ocrx_word' id='word_1_376' title='bbox 1572 3240 1650 3324; x_wconf 86' lang='lat' dir='ltr'>sua,</span> <span class='ocrx_word' id='word_1_377' title='bbox 1676 3244 1711 3316; x_wconf 92' lang='lat' dir='ltr'>id</span> <span class='ocrx_word' id='word_1_378' title='bbox 1723 3243 1787 3325; x_wconf 86' lang='lat' dir='ltr'>est,</span> <span class='ocrx_word' id='word_1_379' title='bbox 1809 3242 1849 3314; x_wconf 85' lang='lat' dir='ltr'>de</span> <span class='ocrx_word' id='word_1_380' title='bbox 1865 3243 1926 3314; x_wconf 80' lang='lat' dir='ltr'>do.</span> 
     </span>
    </p>
   </div>
   <div class='ocr_carea' id='block_1_6' title="bbox 316 3332 1927 4242">
    <p class='ocr_par' dir='ltr' id='par_1_6' title="bbox 316 3332 1927 4242">
     <span class='ocr_line' id='line_1_29' title="bbox 321 3332 1925 3435; baseline 0.005 -29"><span class='ocrx_word' id='word_1_381' title='bbox 321 3335 449 3406; x_wconf 82' lang='lat' dir='ltr'>micilio</span> <span class='ocrx_word' id='word_1_382' title='bbox 468 3332 551 3418; x_wconf 83' lang='lat' dir='ltr'>suo,</span> <span class='ocrx_word' id='word_1_383' title='bbox 578 3365 694 3414; x_wconf 84' lang='lat' dir='ltr'>verum</span> <span class='ocrx_word' id='word_1_384' title='bbox 716 3344 757 3416; x_wconf 88' lang='lat' dir='ltr'>de</span> <span class='ocrx_word' id='word_1_385' title='bbox 787 3345 986 3426; x_wconf 79' lang='lat' dir='ltr'>extrahendo</span> <span class='ocrx_word' id='word_1_386' title='bbox 1009 3341 1098 3416; x_wconf 78' lang='lat' dir='ltr'>salvo</span> <span class='ocrx_word' id='word_1_387' title='bbox 1119 3343 1281 3419; x_wconf 80' lang='lat' dir='ltr'>domicilii</span> <span class='ocrx_word' id='word_1_388' title='bbox 1300 3350 1393 3435; x_wconf 89' lang='lat' dir='ltr'>jure.</span> <span class='ocrx_word' id='word_1_389' title='bbox 1420 3347 1587 3418; x_wconf 73' lang='lat' dir='ltr'>Ceterum</span> <span class='ocrx_word' id='word_1_390' title='bbox 1615 3347 1659 3416; x_wconf 86' lang='lat' dir='ltr'>ait</span> <span class='ocrx_word' id='word_1_391' title='bbox 1681 3343 1752 3419; x_wconf 81' lang='lat' dir='ltr'>lex.</span> <span class='ocrx_word' id='word_1_392' title='bbox 1777 3341 1816 3414; x_wconf 80' lang='lat' dir='ltr'>dr</span> <span class='ocrx_word' id='word_1_393' title='bbox 1837 3341 1925 3414; x_wconf 74' lang='lat' dir='ltr'>dorne</span> 
     </span>
     <span class='ocr_line' id='line_1_30' title="bbox 322 3432 1927 3540; baseline 0.003 -36"><span class='ocrx_word' id='word_1_394' title='bbox 322 3443 446 3518; x_wconf 70' lang='lat' dir='ltr'>th,</span> <span class='ocrx_word' id='word_1_395' title='bbox 472 3432 507 3505; x_wconf 91' lang='lat' dir='ltr'>id</span> <span class='ocrx_word' id='word_1_396' title='bbox 521 3439 613 3510; x_wconf 90' lang='lat' dir='ltr'>estin</span> <span class='ocrx_word' id='word_1_397' title='bbox 629 3441 689 3514; x_wconf 81' lang='lat' dir='ltr'>hac</span> <span class='ocrx_word' id='word_1_398' title='bbox 704 3437 809 3540; x_wconf 88' lang='lat' dir='ltr'>specie</span> <span class='ocrx_word' id='word_1_399' title='bbox 829 3443 869 3514; x_wconf 90' lang='lat' dir='ltr'>de</span> <span class='ocrx_word' id='word_1_400' title='bbox 882 3441 1082 3515; x_wconf 84' lang='lat' dir='ltr'>habitatione</span> <span class='ocrx_word' id='word_1_401' title='bbox 1102 3437 1155 3516; x_wconf 88' lang='lat' dir='ltr'>seu</span> <span class='ocrx_word' id='word_1_402' title='bbox 1180 3442 1305 3522; x_wconf 87' lang='lat' dir='ltr'>domo,</span> <span class='ocrx_word' id='word_1_403' title='bbox 1331 3445 1367 3518; x_wconf 89' lang='lat' dir='ltr'>in</span> <span class='ocrx_word' id='word_1_404' title='bbox 1387 3467 1455 3539; x_wconf 80' lang='lat' dir='ltr'>qut</span> <span class='ocrx_word' id='word_1_405' title='bbox 1480 3438 1619 3538; x_wconf 88' lang='lat' dir='ltr'>quisque</span> <span class='ocrx_word' id='word_1_406' title='bbox 1645 3439 1792 3516; x_wconf 77' lang='lat' dir='ltr'>lnbittt:</span> <span class='ocrx_word' id='word_1_407' title='bbox 1817 3442 1927 3518; x_wconf 81' lang='lat' dir='ltr'>domur</span> 
     </span>
     <span class='ocr_line' id='line_1_31' title="bbox 319 3533 1925 3640; baseline 0.006 -38"><span class='ocrx_word' id='word_1_408' title='bbox 319 3553 403 3632; x_wconf 82' lang='lat' dir='ltr'>ergo</span> <span class='ocrx_word' id='word_1_409' title='bbox 417 3561 480 3630; x_wconf 91' lang='lat' dir='ltr'>pro</span> <span class='ocrx_word' id='word_1_410' title='bbox 492 3533 683 3624; x_wconf 88' lang='lat' dir='ltr'>domicilio,</span> <span class='ocrx_word' id='word_1_411' title='bbox 709 3567 916 3640; x_wconf 88' lang='lat' dir='ltr'>quocunque</span> <span class='ocrx_word' id='word_1_412' title='bbox 928 3541 1064 3614; x_wconf 86' lang='lat' dir='ltr'>tandem</span> <span class='ocrx_word' id='word_1_413' title='bbox 1074 3541 1174 3614; x_wconf 88' lang='lat' dir='ltr'>titulo</span> <span class='ocrx_word' id='word_1_414' title='bbox 1187 3563 1245 3614; x_wconf 83' lang='lat' dir='ltr'>aut</span> <span class='ocrx_word' id='word_1_415' title='bbox 1259 3548 1349 3636; x_wconf 85' lang='lat' dir='ltr'>jure,</span> <span class='ocrx_word' id='word_1_416' title='bbox 1376 3541 1441 3614; x_wconf 86' lang='lat' dir='ltr'>srve</span> <span class='ocrx_word' id='word_1_417' title='bbox 1454 3540 1612 3625; x_wconf 86' lang='lat' dir='ltr'>dominii,</span> <span class='ocrx_word' id='word_1_418' title='bbox 1640 3538 1704 3612; x_wconf 89' lang='lat' dir='ltr'>srve</span> <span class='ocrx_word' id='word_1_419' title='bbox 1729 3537 1925 3611; x_wconf 73' lang='lat' dir='ltr'>corrduliio-</span> 
     </span>
     <span class='ocr_line' id='line_1_32' title="bbox 318 3631 1926 3739; baseline 0.001 -31"><span class='ocrx_word' id='word_1_420' title='bbox 318 3635 372 3708; x_wconf 79' lang='lat' dir='ltr'>nis</span> <span class='ocrx_word' id='word_1_421' title='bbox 387 3633 502 3727; x_wconf 91' lang='lat' dir='ltr'>(quod</span> <span class='ocrx_word' id='word_1_422' title='bbox 517 3631 633 3709; x_wconf 87' lang='lat' dir='ltr'>diserte</span> <span class='ocrx_word' id='word_1_423' title='bbox 651 3641 769 3732; x_wconf 86' lang='lat' dir='ltr'>probat</span> <span class='ocrx_word' id='word_1_424' title='bbox 783 3644 816 3713; x_wconf 87' lang='lat' dir='ltr'>d.</span> <span class='ocrx_word' id='word_1_425' title='bbox 832 3646 856 3714; x_wconf 92' lang='lat' dir='ltr'>l.</span> <span class='ocrx_word' id='word_1_426' title='bbox 874 3673 907 3734; x_wconf 87' lang='lat'>4.</span> <span class='ocrx_word' id='word_1_427' title='bbox 922 3645 950 3718; x_wconf 85' lang='lat'>§.</span> <span class='ocrx_word' id='word_1_428' title='bbox 966 3667 1001 3733; x_wconf 90' lang='lat'>5.</span> <span class='ocrx_word' id='word_1_429' title='bbox 1016 3652 1056 3724; x_wconf 65' lang='lat' dir='ltr'>d*</span> <span class='ocrx_word' id='word_1_430' title='bbox 1069 3646 1090 3711; x_wconf 93' lang='lat' dir='ltr'>l.</span> <span class='ocrx_word' id='word_1_431' title='bbox 1111 3667 1143 3733; x_wconf 91' lang='lat'>5.</span> <span class='ocrx_word' id='word_1_432' title='bbox 1162 3646 1192 3719; x_wconf 82' lang='lat'>§·</span> <span class='ocrx_word' id='word_1_433' title='bbox 1211 3669 1243 3714; x_wconf 90' lang='lat'>2.</span> <span class='ocrx_word' id='word_1_434' title='bbox 1258 3652 1305 3714; x_wconf 88' lang='lat' dir='ltr'>D.</span> <span class='ocrx_word' id='word_1_435' title='bbox 1322 3645 1360 3715; x_wconf 85' lang='lat' dir='ltr'>de</span> <span class='ocrx_word' id='word_1_436' title='bbox 1372 3641 1498 3736; x_wconf 80' lang='lat' dir='ltr'>injur.)</span> <span class='ocrx_word' id='word_1_437' title='bbox 1515 3638 1581 3711; x_wconf 86' lang='lat' dir='ltr'>srve</span> <span class='ocrx_word' id='word_1_438' title='bbox 1596 3639 1692 3739; x_wconf 79' lang='lat' dir='ltr'>legati</span> <span class='ocrx_word' id='word_1_439' title='bbox 1706 3635 1819 3709; x_wconf 81' lang='lat' dir='ltr'>titulo:</span> <span class='ocrx_word' id='word_1_440' title='bbox 1835 3641 1926 3710; x_wconf 83' lang='lat' dir='ltr'>Sern-</span> 
     </span>
     <span class='ocr_line' id='line_1_33' title="bbox 317 3732 1924 3837; baseline 0.006 -34"><span class='ocrx_word' id='word_1_441' title='bbox 317 3743 380 3827; x_wconf 83' lang='lat' dir='ltr'>p&#39;er</span> <span class='ocrx_word' id='word_1_442' title='bbox 393 3734 483 3803; x_wconf 88' lang='lat' dir='ltr'>enim</span> <span class='ocrx_word' id='word_1_443' title='bbox 496 3732 618 3806; x_wconf 84' lang='lat' dir='ltr'>domus</span> <span class='ocrx_word' id='word_1_444' title='bbox 633 3733 688 3808; x_wconf 87' lang='lat' dir='ltr'>sua</span> <span class='ocrx_word' id='word_1_445' title='bbox 699 3739 766 3824; x_wconf 89' lang='lat' dir='ltr'>est,</span> <span class='ocrx_word' id='word_1_446' title='bbox 792 3747 827 3811; x_wconf 77' lang='grc' dir='ltr'>δι</span> <span class='ocrx_word' id='word_1_447' title='bbox 844 3763 1050 3837; x_wconf 88' lang='lat' dir='ltr'>quocunque</span> <span class='ocrx_word' id='word_1_448' title='bbox 1063 3740 1161 3810; x_wconf 91' lang='lat' dir='ltr'>titulo</span> <span class='ocrx_word' id='word_1_449' title='bbox 1178 3739 1399 3836; x_wconf 72' lang='lat' dir='ltr'>possrdrrrur.</span> <span class='ocrx_word' id='word_1_450' title='bbox 1424 3741 1520 3832; x_wconf 84' lang='lat' dir='ltr'>hujus</span> <span class='ocrx_word' id='word_1_451' title='bbox 1547 3745 1633 3836; x_wconf 89' lang='lat' dir='ltr'>Reg.</span> <span class='ocrx_word' id='word_1_452' title='bbox 1661 3738 1745 3808; x_wconf 86' lang='lat' dir='ltr'>racio</span> <span class='ocrx_word' id='word_1_453' title='bbox 1760 3735 1848 3806; x_wconf 78' lang='lat' dir='ltr'>idern</span> <span class='ocrx_word' id='word_1_454' title='bbox 1874 3744 1924 3830; x_wconf 86' lang='lat' dir='ltr'>jus</span> 
     </span>
     <span class='ocr_line' id='line_1_34' title="bbox 319 3830 1927 3938; baseline 0.006 -37"><span class='ocrx_word' id='word_1_455' title='bbox 319 3830 480 3926; x_wconf 83' lang='lat' dir='ltr'>postulat.</span> <span class='ocrx_word' id='word_1_456' title='bbox 510 3831 711 3907; x_wconf 82' lang='lat' dir='ltr'>Econverso</span> <span class='ocrx_word' id='word_1_457' title='bbox 725 3840 851 3938; x_wconf 84' lang='lat' dir='ltr'>igitur,</span> <span class='ocrx_word' id='word_1_458' title='bbox 877 3865 913 3912; x_wconf 87' lang='lat' dir='ltr'>ex</span> <span class='ocrx_word' id='word_1_459' title='bbox 929 3840 979 3910; x_wconf 88' lang='lat' dir='ltr'>his</span> <span class='ocrx_word' id='word_1_460' title='bbox 993 3843 1038 3912; x_wconf 91' lang='lat' dir='ltr'>R.</span> <span class='ocrx_word' id='word_1_461' title='bbox 1054 3835 1161 3918; x_wconf 80' lang='lat' dir='ltr'>verbis</span> <span class='ocrx_word' id='word_1_462' title='bbox 1170 3839 1351 3916; x_wconf 83' lang='lat' dir='ltr'>dicendum</span> <span class='ocrx_word' id='word_1_463' title='bbox 1365 3839 1515 3922; x_wconf 85' lang='lat' dir='ltr'>videtur,</span> <span class='ocrx_word' id='word_1_464' title='bbox 1541 3857 1770 3936; x_wconf 70' lang='lat' dir='ltr'>argumentor</span> <span class='ocrx_word' id='word_1_465' title='bbox 1793 3857 1927 3911; x_wconf 82' lang='lat' dir='ltr'>contra·</span> 
     </span>
     <span class='ocr_line' id='line_1_35' title="bbox 316 3925 1923 4033; baseline 0.004 -33"><span class='ocrx_word' id='word_1_466' title='bbox 316 3931 374 4000; x_wconf 89' lang='lat' dir='ltr'>trio</span> <span class='ocrx_word' id='word_1_467' title='bbox 389 3925 542 4026; x_wconf 87' lang='lat' dir='ltr'>sumpto,</span> <span class='ocrx_word' id='word_1_468' title='bbox 568 3957 647 4005; x_wconf 87' lang='lat' dir='ltr'>cum</span> <span class='ocrx_word' id='word_1_469' title='bbox 666 3936 853 4012; x_wconf 82' lang='lat' dir='ltr'>Alexandro</span> <span class='ocrx_word' id='word_1_470' title='bbox 866 3945 900 4012; x_wconf 77' lang='grc' dir='ltr'>δι</span> <span class='ocrx_word' id='word_1_471' title='bbox 916 3935 1004 4022; x_wconf 80' lang='lat' dir='ltr'>aliis,</span> <span class='ocrx_word' id='word_1_472' title='bbox 1030 3951 1200 4033; x_wconf 86' lang='lat' dir='ltr'>quemque</span> <span class='ocrx_word' id='word_1_473' title='bbox 1214 3937 1372 4010; x_wconf 89' lang='lat' dir='ltr'>dedomo</span> <span class='ocrx_word' id='word_1_474' title='bbox 1386 3937 1491 4010; x_wconf 76' lang='lat' dir='ltr'>aliena</span> <span class='ocrx_word' id='word_1_475' title='bbox 1507 3941 1544 4010; x_wconf 87' lang='lat' dir='ltr'>in</span> <span class='ocrx_word' id='word_1_476' title='bbox 1561 3937 1672 4032; x_wconf 65' lang='lat' dir='ltr'>quarn}</span> <span class='ocrx_word' id='word_1_477' title='bbox 1688 3930 1719 4006; x_wconf 92' lang='lat' dir='ltr'>se</span> <span class='ocrx_word' id='word_1_478' title='bbox 1748 3957 1923 4008; x_wconf 86' lang='lat' dir='ltr'>momento</span> 
     </span>
     <span class='ocr_line' id='line_1_36' title="bbox 320 4027 1922 4141; baseline 0.007 -44"><span class='ocrx_word' id='word_1_479' title='bbox 320 4031 442 4126; x_wconf 78' lang='lat' dir='ltr'>recepit</span> <span class='ocrx_word' id='word_1_480' title='bbox 455 4029 595 4130; x_wconf 84' lang='lat' dir='ltr'>perfugii</span> <span class='ocrx_word' id='word_1_481' title='bbox 610 4055 742 4106; x_wconf 80' lang='lat' dir='ltr'>tanturn</span> <span class='ocrx_word' id='word_1_482' title='bbox 756 4033 869 4122; x_wconf 84' lang='lat' dir='ltr'>causa,</span> <span class='ocrx_word' id='word_1_483' title='bbox 896 4064 966 4110; x_wconf 92' lang='lat' dir='ltr'>non</span> <span class='ocrx_word' id='word_1_484' title='bbox 980 4061 1059 4108; x_wconf 92' lang='lat' dir='ltr'>vero</span> <span class='ocrx_word' id='word_1_485' title='bbox 1072 4033 1118 4106; x_wconf 89' lang='lat' dir='ltr'>ibi</span> <span class='ocrx_word' id='word_1_486' title='bbox 1129 4037 1219 4141; x_wconf 82' lang='lat' dir='ltr'>degit</span> <span class='ocrx_word' id='word_1_487' title='bbox 1233 4036 1324 4138; x_wconf 73' lang='lat' dir='ltr'>quest</span> <span class='ocrx_word' id='word_1_488' title='bbox 1337 4037 1517 4136; x_wconf 87' lang='lat' dir='ltr'>inquilinus</span> <span class='ocrx_word' id='word_1_489' title='bbox 1524 4035 1671 4124; x_wconf 73' lang='lat' dir='ltr'>,ortnhi</span> <span class='ocrx_word' id='word_1_490' title='bbox 1682 4027 1771 4132; x_wconf 77' lang='lat' dir='ltr'>posse</span> <span class='ocrx_word' id='word_1_491' title='bbox 1781 4031 1839 4106; x_wconf 82' lang='lat' dir='ltr'>:de</span> <span class='ocrx_word' id='word_1_492' title='bbox 1852 4057 1922 4130; x_wconf 88' lang='lat' dir='ltr'>quo</span> 
     </span>
     <span class='ocr_line' id='line_1_37' title="bbox 318 4125 1760 4242; baseline 0.012 -44"><span class='ocrx_word' id='word_1_493' title='bbox 318 4125 753 4212; x_wconf 74' lang='lat' dir='ltr'>euuumlerexmnibm</span> <span class='ocrx_word' id='word_1_494' title='bbox 772 4163 828 4234; x_wconf 80' lang='lat'>51.</span> <span class='ocrx_word' id='word_1_495' title='bbox 846 4134 1165 4242; x_wconf 74' lang='lat' dir='ltr'>Gltltcnrlorrih·</span> <span class='ocrx_word' id='word_1_496' title='bbox 1473 4183 1478 4193; x_wconf 90' lang='lat'><strong>·</strong></span> <span class='ocrx_word' id='word_1_497' title='bbox 1749 4179 1760 4198; x_wconf 82' lang='lat'><strong>·</strong></span> 
     </span>
    </p>
   </div>
   <div class='ocr_carea' id='block_1_7' title="bbox 0 0 2366 5930">
    <p class='ocr_par' dir='ltr' id='par_1_7' title="bbox 0 0 2366 5930">
     <span class='ocr_line' id='line_1_38' title="bbox 0 0 2366 5930; baseline 0 0"><span class='ocrx_word' id='word_1_498' title='bbox 0 0 2366 5930; x_wconf 95' lang='lat' dir='ltr'> </span> 
     </span>
    </p>
   </div>
  </div>
 </body>
</html>
