4632 5916
1434 112 1438 122 .
1982 86 2004 122 ,¹
2037 111 2038 114 ,
2136 91 2152 139 p.

1429 234 1431 242 .
1523 190 1560 234 a
1813 20 2034 274 W?

1892 277 1915 300 ..

1522 326 1527 381 r
1653 273 1821 350 *ΜΨ

1522 384 1525 400 ¹
1665 402 1710 423 Ἰ

1603 483 1653 525 sas«
1665 483 1687 528 3·-

397 549 1523 632 DeumUXOR.ACTIONE.X11.c01.L.PLAUT1nNAE
1548 544 1702 630 necor·
1762 583 1830 646 ιη

279 660 343 732 His
360 655 488 728 adde&
507 655 660 749 quintam
675 646 813 746 speciem
827 651 981 754 inspersi
999 681 1006 722 ε
1033 655 1086 722 cui
1108 651 1152 721 ob
1169 677 1266 737 rem,
1291 653 1378 723 <lotis
1396 657 1534 747 inquam
1560 649 1679 735 ceusa',
1706 653 1828 728 fundus
1952 651 1958 666 ⁴

227 757 323 830 datus
338 757 408 828 est.-
434 755 617 826 renuntiata
633 753 757 846 quippe
767 747 957 835 adfinitate,
984 757 1024 822 &-
1041 750 1168 820 frustus
1184 751 1371 822 restituendi
1396 747 1495 831 sunt,
1522 754 1554 825 d.
1567 759 1591 826 l.
1614 758 1668 846 38.
1685 760 1714 833 §.
1737 781 1766 826 1.
1784 765 1828 830 D.
1851 821 1852 824 ,

227 855 403 946 detesteris,
436 877 538 950 quam
554 853 629 922 hnic
646 845 849 946 qoallundam
870 847 962 923 dixi.
985 856 1082 924 Extra
1097 850 1164 920 haec
1191 847 1317 922 studius
1332 877 1402 922 non
1418 851 1552 922 restituit
1576 857 1713 924 maritus
1730 858 1764 925 in
1783 859 1829 927 rei

227 959 347 1026 uxoriae
363 955 493 1024 adriane
509 1005 517 1022 .
546 947 702 1022 Generale
716 952 816 1048 igitur
827 953 946 1038 αξιωμι
959 951 1091 1024 axioma
1104 975 1140 1020 ex
1154 947 1217 1020 leae
1230 953 1316 1049 Reg.
1331 947 1413 1020 istud
1431 948 1648 1023 conficiatur:
1672 957 1764 1026 Cum
1779 953 1828 1024 lex

228 1052 336 1148 aliqua
365 1050 551 1142 (veletiam
566 1047 741 1140 Edictum)
771 1049 965 1142 restituendi
980 1050 1083 1122 verbo
1100 1051 1203 1120 utitur
1226 1053 1322 1120 toties
1335 1051 1434 1120 etiam
1457 1047 1583 1120 fruetus
1599 1057 1666 1144 ejus
1682 1056 1725 1124 rei
1741 1053 1828 1124 resti·
1901 1061 1904 1067 '

227 1151 370 1224 tuendos
384 1146 469 1233 elli,
496 1146 553 1220 etsi
576 1147 616 1218 de
632 1145 791 1220 fructibus
816 1147 894 1218 nihil
913 1153 1139 1246 exprimatur:
1166 1169 1284 1218 contra
1303 1173 1374 1218 non
1391 1147 1628 1228 restituendos.
1660 1147 1714 1220 ubi
1730 1149 1779 1220 lex
1792 1177 1829 1226 ea

226 1277 310 1322 voce
326 1245 381 1322 usa
397 1247 549 1319 nonest.
579 1256 673 1326 Lex,
701 1249 838 1340 inquam
854 1297 865 1326 ,
891 1245 993 1320 veluti
1007 1246 1102 1336 Julia
1119 1245 1160 1320 de
1176 1245 1282 1318 sundo
1296 1245 1421 1339 dotali,
1449 1251 1484 1318 in
1499 1252 1633 1342 propria
1648 1244 1748 1344 specie
1761 1249 1823 1320 hu-

225 1355 278 1442 jus
291 1347 382 1420 level
397 1365 604 1442 quaecunque
622 1343 755 1418 tandem
770 1343 850 1419 alia:
871 1353 944 1418 lrno
961 1353 997 1418 dt
1011 1349 1161 1418 Praetoris
1178 1344 1330 1418 Edislum
1346 1400 1357 1430 ‚
1371 1343 1473 1416 veluti
1491 1348 1525 1416 in
1542 1346 1677 1420 Fabiana
1693 1355 1729 1419 8(
1744 1352 1826 1420 Pau·

225 1447 310 1539 lirina
325 1448 477 1525 abbione,
504 1448 583 1517 item
599 1449 634 1516 in
648 1443 824 1518 interdicto
838 1443 928 1517 unde
942 1449 976 1517 vi
992 1473 1000 1518 :
1025 1471 1130 1541 quam
1151 1451 1184 1518 in
1199 1473 1268 1518 rem
1281 1444 1421 1516 videnda
1445 1446 1490 1516 est
1504 1451 1695 1542 cumprimis
1707 1447 1755 1520 lex
1773 1447 1827 1520 illa

230 1552 242 1636 (
255 1571 330 1642 quae
346 1545 422 1616 huic
437 1543 667 1643 coniungenda
680 1544 725 1614 est
739 1551 757 1635 )¹
778 1543 946 1616 videamus
960 1549 1016 1618 28.
1035 1549 1063 1622 5.
1076 1546 1112 1618 in
1124 1547 1268 1619 faviane
1283 1573 1318 1634 4.
1333 1555 1371 1628 (r
1387 1547 1417 1622 §-
1435 1572 1465 1634 5·
1483 1553 1529 1617 D.
1547 1546 1584 1615 de
1597 1548 1726 1638 uſseris,
1752 1552 1826 1633 l.‚r.

224 1646 403 1718 aiePrerrr
442 1653 483 1718 D.
501 1673 564 1742 que
578 1644 614 1716 in
620 1643 735 1737 fraud.
747 1643 832 1713 cred.
854 1649 878 1714 l.
895 1669 924 1716 r.
940 1647 969 1722 5.
987 1645 1102 1717 exinde
1118 1657 1164 1719 D.
1179 1649 1219 1718 de
1237 1644 1276 1716 vi
1294 1655 1332 1726 ω’*
1347 1643 1481 1716 viarm.
1503 1641 1662 1740 Idemque
1676 1646 1826 1722 obtinere

227 1746 312 1814 redte
337 1737 468 1815 censent
484 1746 680 1843 Pragmatici
708 1745 719 1829 (
736 1748 771 1812 &
787 1744 821 1812 in
837 1743 887 1814 his
911 1743 1046 1838 quidem
1068 1745 1209 1819 Carolus
1226 1743 1429 1828 Molinttus,
1455 1750 1490 1814 &
1502 1743 1762 1846 Mynfingerus‚
1786 1773 1824 1837 4.

225 1842 287 1932 elfi
299 1871 316 1934 5
324 1851 382 1934 5.)
411 1846 446 1914 in
462 1841 574 1914 libeliis
591 1849 626 1912 &
644 1838 806 1912 sententiis
824 1867 832 1910 ι
857 1844 989 1938 Nempe
1004 1848 1062 1940 qui
1077 1844 1225 1939 Remfili
1238 1841 1361 1936 restitui
1376 1841 1485 1916 libello
1500 1837 1552 1913 seu
1569 1846 1698 1914 afflone
1713 1848 1796 1938 petit
1813 1897 1825 1930 ,

226 1947 260 2013 &
275 1940 399 2012 fruetus
414 1940 469 2014 fibi
487 1943 607 2014 restitui
622 1935 743 2036 petiisse
755 1938 897 2012 creditur
914 1969 921 2013 :
948 1969 1019 2038 quo
1034 1947 1176 2039 pertinet
1189 1947 1330 2014 omnino
1344 1946 1396 2012 lex
1415 1971 1429 2035 3
1438 1969 1471 2033 5.
1490 1969 1510 2028 7
1516 1967 1547 2040 χ.
1562 1942 1600 2014 de
1617 1952 1657 2016 V.
1670 1955 1703 2014 S.
1725 1946 1737 2028 l
1749 1967 1825 2014 meo

224 2040 373 2134 judicio)
395 2099 402 2114 .
427 2039 531 2113 Unde
545 2039 691 2122 concidit
705 2041 987 2140 pragmaticorum
1007 2041 1220 2139 quorundam
1235 2037 1390 2114 sententia
1407 2087 1417 2121 ‚
1442 2039 1543 2112 veluti
1563 2042 1731 2136 pollalios
1744 2045 1825 2114 Gui-

225 2138 322 2210 donis
338 2144 428 2236 Papae
441 2141 539 2238 quest.
557 2166 640 2232 405.
655 2141 759 2210 Roerii
771 2137 866 2230 decis
882 2145 937 2215 18.
952 2170 1079 2238 namq.
1095 2173 1129 2233 4.
1141 2170 1174 2235 5.
1191 2137 1334 2214 Masueti
1348 2139 1384 2211 in
1395 2139 1495 2244 praxi
1509 2144 1668 2238 ,stFerrap
1684 2145 1721 2228 in
1736 2139 1826 2212 libel-

224 2241 253 2308 lo
266 2238 396 2310 ailienis
411 2239 505 2315 realis
522 2240 557 2312 in
572 2239 659 2313 verb.
677 2262 723 2309 tet
753 2249 792 2322 όν
806 2264 908 2312 rantes
921 2245 1075 2336 feniles,
1101 2241 1328 2314 Schneidevini
1341 2244 1439 2310 ctiam
1457 2247 1492 2310 δι
1507 2235 1732 2330 Vesembecii·,
1759 2242 1826 2310 exi*

225 2338 450 2420 stunantium,
479 2337 611 2412 findor
633 2361 722 2435 petat
736 2336 921 2434 simpliciter
937 2341 994 2414 libi
1015 2341 1158 2414 fundum
1174 2341 1294 2412 restitui
1311 2393 1321 2421 ,
1344 2365 1408 2410 nec
1426 2341 1631 2410 mentionem
1646 2335 1741 2408 saciat
1754 2335 1824 2409 sru-

149 2518 158 2534 .
226 2437 342 2506 &uum
357 2439 654 2522 restituendorum,
684 2445 704 2514 J
707 2437 835 2508 udicem
852 2465 920 2509 non
937 2438 1026 2534 posse
1043 2443 1264 2534 pronunciare
1279 2437 1318 2507 de
1334 2433 1497 2508 fructibus
1510 2459 1586 2508 ante
1601 2435 1692 2508 litem
1708 2459 1826 2509 conte-

118 2549 124 2562 '
224 2535 337 2606 statam
352 2542 533 2632 perceptis.
560 2541 651 2608 Nam
666 2543 700 2607 δι
717 2535 740 2606 st
757 2535 861 2610 luder
874 2541 1165 2630 pronunciaverit,
1193 2546 1270 2609 Rene
1285 2534 1409 2625 restitui
1422 2560 1578 2638 oportere,
1594 2538 1691 2606 etiarn
1703 2533 1743 2605 de
1756 2534 1824 2606 sru—
2032 2613 2049 2632 ..

222 2631 329 2704 &ibus
353 2631 475 2710 sensuli:
499 2637 642 2708 creditur
656 2681 665 2714 .
694 2633 885 2731 (quidquid
899 2636 1051 2708 nonnulli
1068 2659 1185 2708 contra
1207 2633 1371 2725 sentiant)
1399 2638 1478 2727 quia
1492 2634 1709 2725 Restitutionir
1722 2635 1824 2704 verbo
1936 2716 1940 2724 Ι

221 2735 332 2803 omnis
349 2734 468 2806 utilitas
481 2739 600 2808 asteris
616 2737 806 2805 continetur
820 2739 843 2805 l.
855 2737 898 2805 81
909 2737 1025 2837 supra
1041 2738 1077 2806 de
1093 2741 1132 2806 V.
1142 2745 1177 2804 S.
1194 2738 1347 2825 Denique
1361 2730 1500 2804 verbum
1517 2732 1697 2824 Restituar,
1725 2731 1819 2827 quod

222 2831 273 2900 vel
286 2858 304 2900 e
318 2841 400 2933 Lege
414 2834 464 2904 vel
478 2861 497 2904 a
513 2845 641 2906 Pretere
655 2827 856 2924 usurpatur,
883 2833 976 2904 velab
991 2831 1110 2923 Judicr
1125 2885 1137 2918 ,
1164 2830 1215 2904 vel
1227 2829 1267 2902 ab
1282 2835 1423 2916 Asine,
1450 2829 1580 2926 plenam
1592 2830 1688 2904 habet
1703 2827 1825 2931 fignifi-

97 2991 101 3000 .
223 2931 415 3014 tationem,
443 2931 486 3002 src
502 2955 538 3002 ur
555 2930 681 3000 srudlus
698 2953 835 3024 quoque
851 2932 1059 3004 restituentur
1087 2987 1096 3006 .

273 3033 313 3098 Et
327 3028 483 3099 ideamen
513 3033 575 3118 (nt
591 3025 833 3118 objectionibus
850 3057 941 3104 nunc
956 3031 1084 3130 aliquot
1099 3041 1296 3126 occurram)
1325 3028 1415 3104 suam
1436 3030 1666 3104 limitationem
1682 3034 1823 3126 patitur:

222 3125 418 3217 Restituendi
437 3131 559 3223 quippe
574 3125 676 3198 verbo
699 3125 825 3198 fruetus
839 3154 978 3226 quoque
995 3155 1082 3204 retro
1098 3136 1242 3228 percepti
1264 3139 1504 3212 continentur.
1530 3130 1587 3204 ubi
1604 3125 1721 3204 scilicet
1735 3130 1825 3202 resti·

224 3229 309 3294 tutio
326 3222 361 3294 fit
373 3252 409 3296 er
422 3225 535 3300 debito
549 3222 602 3298 seu
615 3253 673 3324 pet
689 3229 775 3296 viam
789 3229 915 3319 justitie
932 3280 941 3309 .
968 3225 1058 3305 secus
1073 3229 1095 3302 sr
1110 3255 1167 3326 per
1183 3237 1271 3304 viam
1283 3235 1393 3331 gratier
1410 3286 1422 3317 ,
1447 3255 1485 3304 ut
1500 3231 1540 3302 ad
1555 3231 1664 3304 Auth.
1682 3228 1768 3302 idem
1783 3227 1824 3320 est

130 3370 133 3376 -
221 3323 260 3393 de
276 3323 501 3416 Nesierianir·,
531 3336 566 3400 C.
578 3327 616 3396 cle
629 3324 775 3396 hereticis
789 3374 799 3406 ‚
812 3321 988 3424 respondet
1002 3331 1124 3402 Forum
1138 3326 1229 3405 Gars.
1246 3335 1280 3403 in
1292 3337 1314 3402 1.
1330 3334 1442 3403 Gallus
1455 3385 1467 3414 ,
1482 3335 1512 3410 §.
1529 3343 1568 3414 όν
1580 3330 1662 3428 qnid
1687 3333 1747 3400 cel.
1762 3354 1821 3416 97.

221 3442 260 3492 ut
274 3421 415 3494 Carolus
430 3427 605 3499 Molinaeus
620 3427 664 3496 acl
679 3423 818 3498 Decium
831 3433 866 3496 δε
881 3453 991 3501 centra
1007 3428 1147 3502 Decium
1159 3429 1212 3501 hic
1224 3433 1376 3504 notavit.
1403 3440 1514 3519 Quare
1530 3431 1694 3500 restitutus
1706 3426 1825 3496 adver-

221 3515 272 3591 sus
287 3523 432 3595 bannum
447 3531 483 3595 &
498 3521 764 3597 confiscationem
781 3525 952 3598 bonorum
972 3579 979 3605 ‚
1007 3527 1133 3600 fruitus
1153 3530 1172 3600 a
1197 3524 1274 3600 fisco
1295 3553 1383 3600 retro
1402 3549 1575 3625 perceptos
1588 3581 1602 3614 ,Α
1626 3525 1678 3598 vel
1699 3524 1740 3596 ab
1757 3525 1822 3598 alio

106 3709 110 3722 Ι
219 3622 275 3692 cui
287 3615 380 3692 fiscus
393 3621 531 3695 donavit
547 3675 557 3704 ,
585 3651 655 3694 non
672 3647 852 3716 receperat:
871 3649 988 3698 contra
1006 3653 1109 3724 quam
1127 3629 1179 3700 hic
1193 3631 1313 3700 Decius
1331 3625 1424 3700 sensit
1439 3677 1449 3702 .
1650 3621 1655 3632 ¹

234 3743 237 3748 ·
269 3727 354 3790 Item
369 3721 456 3794 aliud
472 3746 582 3818 aperte
594 3722 722 3797 obtinet
738 3726 773 3792 in
790 3723 840 3796 Sti
861 3727 999 3798 alatione
1016 3755 1024 3798 :
1044 3753 1129 3798 nam
1146 3751 1183 3797 ue
1203 3726 1247 3799 ibi
1263 3724 1389 3798 frustus
1411 3729 1668 3804 contineantur.
1692 3723 1753 3796 hac
1765 3747 1820 3796 ex-

217 3813 318 3912 pressa
333 3825 368 3890 dt
386 3820 536 3894 uberiore
549 3821 693 3894 formula
707 3847 791 3916 opus
806 3749 876 3909 ess,
902 3853 972 3896 eam
992 3854 1058 3896 rem
1073 3830 1228 3898 RECTE
1253 3827 1402 3916 restitui,
1429 3831 1452 3897 l.
1466 3852 1525 3916 73.
1543 3835 1589 3896 D.
1606 3825 1643 3894 de
1663 3831 1704 3894 V.
1720 3833 1753 3892 S.
1780 3825 1822 3894 Et

218 3913 293 3988 ideo
310 3943 402 3990 caute
417 3923 476 3994 bac
493 3921 514 3993 l.
532 3921 650 3995 dicitur
666 3971 673 4000 ,
697 3947 817 3994 vocem
831 3923 1013 4017 restituendi
1029 3930 1140 3996 LEGE
1153 3919 1422 4018 comprehensam
1438 3973 1448 4001 .
1475 3931 1511 3992 δι
1530 3920 1656 3993 studius
1670 3923 1828 3992 contine-

201 4037 254 4122 0re
270 4047 280 4085 .·
294 4039 331 4087 ut
346 4021 389 4090 ita
403 4020 566 4092 indicetur
582 4075 593 4105 ,
609 4020 697 4092 aliud
708 4021 888 4094 dicendum
904 4027 938 4094 in
942 4023 1148 4128 stipulatione
1164 4025 1368 4118 quantique
1384 4024 1489 4094 striste
1504 4019 1747 4115 interpretanda
1757 4021 1827 4097 est.

219 4110 279 4182 nisr
291 4141 355 4186 vox
370 4114 500 4216 insuper
518 4125 669 4194 RECTE
682 4120 792 4192 addita
807 4119 927 4195 suerit:
952 4149 1026 4218 quae
1048 4127 1164 4218 utique
1179 4120 1351 4194 arbitrium
1364 4120 1447 4193 boni
1460 4124 1522 4192 viri
1538 4124 1706 4191 continet:
1722 4125 1761 4190 Et
1780 4121 1826 4188 ita
1855 4177 1860 4216 Ξ
1926 4203 1934 4216 .

219 4211 355 4304 quidem
370 4217 495 4290 adeam
509 4221 530 4292 l.
547 4249 605 4314 73.
621 4231 666 4292 D.
683 4221 721 4292 de
737 4227 777 4292 V.
793 4230 828 4292 S.
845 4216 1111 4316 respondendum
1129 4223 1198 4306 est,
1225 4247 1299 4318 qua:
1312 4219 1462 4316 alioquin
1478 4219 1554 4290 huic
1579 4218 1601 4290 l.
1617 4220 1821 4312 opponitur.
1928 4253 1934 4268 »
1957 4277 1961 4284 .
2039 4233 2050 4252 ·
2087 4223 2090 4230 '

218 4311 264 4380 Ex
279 4310 327 4380 his
340 4317 405 4400 jam
417 4341 505 4408 patet
520 4374 530 4401 ,
556 4319 597 4389 de
611 4319 733 4414 duplici
747 4347 859 4391 errore
872 4321 912 4392 ab
929 4320 1166 4417 interpretibus
1180 4323 1266 4394 circa
1280 4321 1364 4392 hanc
1380 4325 1467 4418 Reg.
1484 4313 1620 4388 admisso
1635 4370 1643 4386 .

268 4412 396 4480 Primus
411 4439 502 4486 error
523 4419 568 4486 est
584 4442 701 4486 eorum
718 4425 942 4512 Interpretum
961 4469 970 4494 .
994 4418 1107 4515 quide
1132 4417 1408 4490 Restitutionibus
1431 4421 1464 4488 in
1486 4419 1653 4514 integrum
1669 4417 1822 4486 l'raetotis

217 4508 336 4578 auxilio
351 4507 415 4580 sive
435 4511 637 4612 indulgentia
655 4516 813 4608 Principis
835 4515 889 4586 hic
904 4519 1066 4588 tradant:
1095 4517 1328 4588 Restitutiones
1346 4519 1435 4586 enim
1449 4515 1509 4586 illee
1527 4517 1561 4584 in
1576 4517 1749 4612 integrum
1759 4513 1824 4584 hue

217 4609 441 4704 nequicquam
454 4607 603 4711 faciunt.
632 4609 816 4682 Postremus
831 4639 923 4684 error
942 4615 986 4686 est
1001 4615 1242 4688 nonnullorum
1255 4617 1343 4690 hauc
1353 4619 1440 4713 Reg.
1464 4613 1506 4686 ad
1521 4617 1542 4684 l.
1551 4613 1742 4714 generaliter
1760 4615 1845 4710 78.Ι
1906 4679 1907 4684 ,

209 4705 282 4810 ss‘p-
299 4707 526 4795 trabentium,
552 4707 1061 4812 cujuslongealiussensusell.
1871 4735 1874 4740 ·

321 4888 472 4981 rimer.
1026 4875 1088 4988 ee
1702 4867 1709 4894 Ἄ
1777 4859 1868 5010 ᾗ8ἶ

1007 5237 1044 5287 'l
