4632 5916
1861 177 1985 267 t''·

1389 329 1615 422 κε’

413 568 473 638 DE
498 555 825 636 STIPULATION.
848 553 945 626 XIV·
971 549 1104 625 COLL.
1133 551 1160 620 Ε
1185 547 1384 626 DlGESTlS
1409 549 1652 628 MARCELLI
1665 569 1680 631 .’
1797 591 1867 658 ²57

266 662 353 736 tibus
366 686 423 734 aut
439 657 649 756 portionibus
669 653 867 728 hereditariis
883 675 1066 750 expungere
1082 642 1135 718 seu
1152 641 1277 722 solvere
1296 670 1489 747 coguntur,
1513 657 1536 724 Ι.
1559 681 1590 728 ι.
1607 657 1682 729 ad.
1712 657 1752 730 ὦ
1763 659 1869 744 hered.
1962 707 1965 714 .

261 765 323 832 arii.
341 759 453 832 &eliis
465 753 634 854 pluribus.
660 759 702 828 Et
713 753 860 848 exceptio
875 773 985 822 tamen
1002 751 1086 819 inter
1099 745 1175 820 alias
1190 743 1258 816 hec
1275 745 1337 830 est,
1364 747 1459 841 quod
1470 746 1494 819 li
1504 749 1546 822 de
1560 749 1659 826 rebus
1684 756 1864 836 individuis

262 881 398 958 agatur,
425 851 535 928 solidae
558 841 650 926 illiba
668 849 799 952 sngulis
827 844 997 921 heredibus
1019 842 1202 916 debentutt
1228 841 1361 922 Solidae,
1387 847 1548 942 inquam,
1572 847 1766 952 asingiilis,
1792 885 1865 935 non

263 955 400 1050 quidem
418 977 456 1027 ut
473 949 810 1048 saepiuspraeslenturi
835 941 891 1018 sed
908 965 946 1018 ut
961 948 988 1018 is
1002 945 1056 1016 cui
1069 967 1119 1014 res
1135 939 1303 1013 individua
1315 939 1472 1028 debetur,
1499 947 1549 1019 vel
1635 955 1736 1027 tatius
1761 981 1864 1054 quein

264 1052 343 1126 velit
357 1079 395 1125 ex
411 1047 615 1148 promissoris
628 1047 680 1122 vel
692 1049 852 1122 testatoris
860 1041 1031 1118 heredibus
1047 1044 1082 1112 iii
1095 1035 1237 1112 solidum
1247 1041 1427 1112 convenite
1437 1041 1557 1136 possit,
1599 1047 1675 1120 alvo
1691 1055 1720 1123 ei
1732 1057 1791 1148 qul
1806 1051 1860 1129 so.

258 1149 363 1224 lidum
380 1146 511 1224 solverit
525 1143 677 1221 adversus
705 1147 786 1220 alios
800 1141 931 1219 heredes
950 1133 1109 1240 regressu:
1134 1135 1216 1210 sicut
1231 1133 1392 1214 vicerersa
1419 1134 1590 1222 he'redi'bus
1617 1146 1860 1242 stipulatoribus

258 1247 392 1349 singulis
405 1253 439 1320 iri
457 1244 599 1320 solidum
614 1247 774 1341 competit
785 1245 893 1316 acrio:
918 1245 971 1319 De
985 1264 1057 1335 quo
1071 1240 1165 1310 omni
1179 1240 1291 1332 Papiri.
1307 1242 1329 1309 l.
1339 1263 1373 1325 7.
1386 1239 1462 1311 adt.
1476 1240 1599 1314 falcid.
1615 1246 1820 1342 Pomponius
1832 1260 1856 1328 t.

268 1375 326 1436 ip.
342 1351 381 1419 de
402 1345 613 1439 servitutibus
628 1399 638 1429 ,
663 1351 762 1438 Gajus
774 1349 798 1415 l.
816 1347 875 1416 80.
892 1341 921 1419 §.
943 1365 973 1411 t.
988 1339 1032 1408 ed
1043 1340 1066 1407 l.
1082 1334 1204 1408 Falcid.
1221 1341 1256 1406 &
1285 1335 1449 1431 Ulpianus
1475 1339 1512 1410 iii
1525 1344 1549 1410 l.
1558 1341 1776 1444 stipulationes
1795 1377 1858 1423 nm

256 1445 363 1518 divid.
373 1455 418 1520 D.
434 1446 472 1518 de
491 1454 533 1517 V.
550 1452 593 1518 0.
610 1441 749 1527 Paulus,
775 1467 846 1513 nori
861 1463 931 1511 uno
946 1436 1051 1519 loco,
1074 1433 1177 1516 veluti
1190 1437 1224 1504 in
1238 1438 1261 1504 l.
1279 1459 1312 1505 2.
1327 1438 1356 1511 §.
1375 1446 1455 1518 h&
1461 1435 1551 1535 seqq.
1564 1443 1602 1510 de
1619 1450 1659 1514 V.
1677 1451 1767 1516 O.&
1781 1446 1858 1520 bre.

258 1547 342 1616 vitet
360 1547 395 1615 in
409 1548 433 1617 l.
455 1570 484 1616 i.
499 1547 530 1622 ᾗ.
548 1571 582 1633 9.
597 1542 641 1615 ad
651 1543 675 1613 l.
687 1535 813 1614 fnlciri.=
824 1535 948 1636 prolixe
959 1559 1040 1607 vero
1054 1537 1087 1604 in
1100 1537 1123 1604 l.
1138 1533 1259 1640 beredo
1278 1558 1332 1624 ις.
1346 1536 1375 1612 5.
1386 1559 1422 1623 9.
1441 1559 1518 1608 tou
1529 1561 1559 1608 r.
1575 1547 1620 1612 D.
1620 1541 1735 1636 smil.
1746 1545 1854 1638 ercisc.
2008 1621 2012 1632 ,

262 1639 465 1715 Addatur&
482 1637 600 1737 species
611 1647 636 1712 l.
643 1645 675 1736 fi
687 1641 750 1712 duo
765 1638 907 1720 heredes,
931 1661 987 1708 22.
1005 1640 1051 1708 D.
1065 1631 1205 1734 depefiri.
1622 1637 1626 1644 '
1804 1638 1808 1647 '
1986 1641 1988 1648 ⁴
2025 1687 2028 1694 .

308 1745 348 1812 Et
363 1740 518 1835 ponenda
533 1735 650 1835 species
666 1740 764 1827 hujus
778 1743 865 1834 Reg.
879 1737 916 1808 in
926 1731 1084 1824 servitute
1099 1728 1240 1832 prediali
1250 1733 1355 1833 legera
1373 1778 1383 1813 i
1399 1751 1438 1806 ut
1457 1735 1524 1824 jam
1537 1742 1679 1810 monui.
1706 1745 1855 1818 Servitus
2009 1807 2026 1820 ι

257 1833 376 1911 scilieet
390 1836 557 1910 individua
570 1839 627 1922 est,
644 1863 717 1934 quae
732 1861 790 1933 per
805 1855 911 1931 partes
924 1835 991 1928 peti
1005 1855 1076 1902 iion
1090 1828 1219 1924 potest:
1234 1853 1271 1900 ut
1285 1855 1345 1902 nec
1359 1831 1488 1926 adquiri
1503 1858 1561 1928 per
1573 1859 1693 1930 partes,
1709 1863 1747 1911 ut
1760 1848 1856 1914 Mat-

234 1952 237 1966 ·
256 1933 354 2008 cellus
367 1936 433 2008 hoc
445 1931 517 2031 ipso
531 1934 616 2008 libro
631 1937 772 2007 undans
784 1931 897 2006 delinit
912 1933 978 2003 ill.
1000 1958 1032 2022 3.
1043 1937 1090 2002 D.
1107 1929 1146 1998 de
1149 1925 1263 2016 seruit.
1270 1929 1330 2028 leg.
1353 1933 1506 2026 Denique
1531 1928 1699 2007 servitutes
1712 1937 1854 2014 dividui-

255 2050 357 2105 tatem
374 2061 446 2106 non
461 2038 693 2130 recipiuntaut
711 2030 934 2115 divisionem,
957 2033 981 2100 l.
1003 2055 1057 2117 ¹7·
1076 2024 1271 2116 deservitur.
1292 2052 1400 2121 neque
1422 2052 1459 2098 ex
1471 2026 1609 2122 persona
1625 2033 1854 2134 heredumrip·

256 2153 332 2202 tura
344 2131 553 2231 obligationis
566 2131 741 2206 individuae
754 2151 932 2212 mutatus,
953 2129 986 2200 d.
998 2131 1022 2198 l.
1042 2155 1073 2198 ι.
1086 2127 1126 2195 de
1140 2133 1179 2196 V.
1191 2132 1233 2196 0.
1250 2129 1402 2220 Denique
1417 2123 1483 2198 boc
1493 2129 1539 2198 est
1552 2129 1647 2224 quod
1661 2133 1778 2208 Paulus
1792 2135 1851 2226 de-

254 2225 365 2302 finit'l.
378 2237 437 2302 ult.
448 2231 579 2321 deserv.
595 2237 654 2330 leg.
673 2233 725 2302 via
738 2230 871 2328 legata,
895 2229 979 2322 quia
989 2231 1116 2320 parteol
1131 2248 1202 2295 non
1216 2225 1371 2317 recipiat,
1398 2222 1542 2322 singulos
1557 2227 1693 2304 heredes
1722 2229 1852 2308 in'soli.

252 2325 337 2398 dum
350 2332 545 2413 conveniri,
561 2335 596 2400 δι
612 2355 682 2400 uno
695 2355 732 2400 ex
747 2323 917 2402 heredibus
929 2323 1070 2396 adeunte
1080 2319 1237 2394 vindicari
1249 2317 1337 2414 posse
1351 2374 1360 2392 .
1380 2325 1469 2394 Hinc
1483 2330 1519 2394 δι
1531 2321 1584 2394 illa
1597 2325 1678 2396 olim
1694 2331 1850 2420 quaefflo.

253 2445 368 2497 utrum
385 2451 546 2520 aquarum
563 2431 624 2498 iter
637 2430 671 2497 iii
686 2427 845 2515 judicium
858 2425 1033 2496 communi
1045 2417 1230 2490 dividundo
1244 2421 1392 2501 veniret,
1417 2424 1441 2492 l.
1454 2419 1555 2494 arbor.
1574 2446 1586 2491 i
1594 2449 1627 2514 9.
1637 2427 1848 2508 solocem.
1958 2501 1961 2508 ,

255 2523 365 2596 divid.
390 2531 429 2594 ln
447 2549 519 2620 quo
532 2523 573 2594 ab
590 2519 762 2593 usufiuou
779 2517 935 2592 disserunt
952 2570 961 2590 .

301 2627 342 2692 Et
355 2646 432 2694 cuni
444 2620 540 2714 hujus
555 2623 601 2691 rei
613 2615 784 2694 varii-sunt
803 2613 964 2701 effestus,
990 2617 1040 2688 ris
1056 2609 1211 2708 sanetius
1234 2619 1379 2689 cernitur
1407 2619 1442 2694 iii
1469 2624 1603 2693 materia
1621 2625 1846 2704 caducum
1885 2653 1901 2685 ι·

250 2717 331 2791 illud
345 2722 433 2790 eninr
447 2717 652 2801 tenendum,
666 2718 752 2790 lianc
765 2717 985 2812 Reg.patitet
998 2734 1038 2784 ut
1054 2716 1270 2808 proximama
1285 2714 1446 2788 Marcello
1458 2769 1470 2800 ,
1482 2717 1685 2814 propositam
1701 2769 1711 2802 ‚
1735 2728 1769 2795 in
1780 2749 1848 2800 rra.
1865 2803 1867 2809 Α
1884 2793 1887 2798 Α
1932 2787 1934 2792 .

250 2819 340 2888 &atu
351 2821 524 2917 legatorum
537 2817 754 2892 caducorum,
782 2811 990 2888 vicenum,
1005 2837 1248 2908 eorumquoque
1261 2835 1319 2913 pro
1334 2815 1533 2918 transcriptis
1544 2817 1719 2904 morer,
1737 2845 1774 2894 ut
1784 2823 1864 2896 do..
1939 2834 1945 2864 -·
2112 2859 2135 2906 3

250 2918 368 2987 eethx
384 2918 440 2986 28.
458 2913 632 3012 Dableg.
645 2910 773 2994 ΜΗ.
787 2915 811 2982 1.
832 2906 1087 3004 3.D.deserair't.
1100 2913 1386 3008 leg.&l.3.D.de
1400 2913 1569 3011 hisquain
1582 2917 1648 3008 tesl.
1663 2920 1723 2991 del.
1738 2926 1864 2996 Netum·
1915 2945 1918 2954 ’
2033 2913 2055 2942 '¹'
2099 2927 2120 2952 ''
2143 2910 2168 2954 ‘¹

248 3035 292 3107 pe
320 3007 343 3082 si
372 3035 422 3082 tes
449 3009 642 3095 individua,
694 3035 742 3082 ure
762 3011 820 3082 uni
850 3030 982 3080 tantum
1012 3001 1107 3078 usum
1132 3009 1278 3102 praestare
1302 3011 1435 3104 potest,
1477 3011 1624 3106 pluribus
1643 3015 1749 3116 legata
1771 3019 1843 3094 fiis.

175 3143 177 3147 ·
250 3113 321 3206 rit,¹
343 3106 490 3208 legatum
503 3131 566 3202 pto
580 3133 650 3178 non
665 3036 789 3203 scripto
802 3107 866 3190 est,
892 3103 1069 3204 quomodo
1085 3100 1221 3178 servitus
1238 3131 1297 3201 pet
1311 3130 1418 3201 partes
1435 3109 1565 3205 adquiri
1580 3137 1650 3184 non
1667 3120 1790 3208 potest,
1807 3127 1845 3192 oc

248 3203 343 3302 quod
363 3205 494 3302 adquiri
519 3233 590 3278 noir
617 3206 744 3302 potest,
769 3231 833 3302 pro
864 3231 936 3278 nori
956 3199 1078 3298 scripto
1101 3201 1263 3290 babetur,
1288 3209 1311 3276 Ι.
1326 3234 1381 3278 un.
1395 3211 1423 3284 §.
1437 3217 1476 3290 cl*
1501 3235 1576 3280 crem
1586 3212 1735 3314 triplici.
1753 3227 1789 3291 c.
1804 3221 1849 3292 da

247 3305 361 3376 saduc.
377 3306 504 3377 rollend.
518 3313 596 3393 Qua
611 3302 781 3377 occasione
795 3301 971 3376 Marcellus
985 3305 1020 3374 iri
1034 3300 1200 3402 prolixum
1214 3299 1278 3380 sese
1291 3303 1613 3394 instituuidiffudit
1627 3311 1670 3386 de
1691 3311 1742 3388 his
1767 3341 1842 3420 que
1966 3353 1973 3400 ξ
2003 3362 2025 3404 ,⁴
2046 3341 2067 3394 τ,
2086 3357 2089 3364 ,

246 3403 282 3473 in
298 3425 406 3500 patres
421 3401 523 3480 dividi
541 3430 612 3480 uon
626 3399 783 3510 possunt.
1988 3421 1994 3436 ·
2041 3427 2044 3436 ’
2081 3405 2086 3414 ’

616 3613 675 3686 ve
699 3607 985 3682 BENIGNIORE
1000 3605 1258 3710 Inrupixruim
1272 3607 1455 3706 sequenda.

689 3835 697 3852 ²
769 3807 799 3884 5.
825 3811 866 3878 In
891 3830 926 3878 re
948 3801 1070 3894 dubia,
1100 3829 1131 3880 ι.
1150 3809 1198 3878 L.
1228 3753 1310 3893 ips.

243 3996 284 4072 'Iri
309 4027 344 4074 re
360 3999 458 4080 debir
479 3999 688 4106 benigniorem
713 4002 1002 4110 interpretationem
1010 4001 1122 4104 sequi,
1147 4027 1208 4075 sion
1222 3999 1330 4075 minus
1338 3998 1460 4096 justius
1470 3981 1533 4096 est,
1554 4029 1653 4102 quain
1676 4005 1791 4085 turiei.

238 4204 365 4367 DE
378 4203 832 4308 Bengniorelnmprmtiine
854 4209 889 4276 δι
903 4161 1037 4300 quidem
1051 4207 1087 4276 in
1102 4228 1137 4274 te
1150 4199 1250 4274 dubia
1262 4191 1315 4271 seu
1330 4157 1364 4270 ih
1379 4194 1521 4272 obscuro
1537 4195 1833 4296 sequendaesthaec
1929 4194 1962 4292 ’,·,
2050 4231 2052 4236 ·
2138 4153 2142 4158 Ι

314 4395 320 4408 Ι
353 4301 439 4394 Reg.
452 4325 525 4393 quae
551 4303 743 4398 transcripta
755 4304 885 4376 estexl.
939 4303 1043 4374 exime
1062 4297 1668 4412 3.D.dehr'sqrneirrepsisti.lore,¹
1691 4304 1831 4395 inquam
1864 4307 1882 4380 ,“
1976 4313 1980 4320 ’

234 4390 367 4472 dubia,
391 4397 539 4488 eoquod
553 4399 633 4468 nihil
644 4403 679 4470 in
690 4397 764 4471 casu
779 4326 1138 4493 prOPOKOGPtessum
1151 4401 1328 4492 reperitur:
1356 4396 1411 4466 Ad
1424 4418 1525 4487 quain
1537 4393 1763 4495 benigniorem
1777 4403 1831 4470 iri-
1849 4407 1871 4498 ι’
1898 4484 1902 4493 ,
1928 4457 1930 4462 .
1974 4415 1977 4422 ’

230 4495 505 4586 terpretationem
520 4498 684 4587 pertinent
697 4518 762 4566 tres
786 4518 938 4589 preterea
953 4495 1110 4592 Regula:
1136 4517 1216 4588 puta
1229 4501 1252 4568 l.
1267 4502 1325 4586 56.
1345 4521 1357 4565 r
1366 4522 1384 4585 5
1389 4519 1423 4584 5.
1440 4495 1469 4568 s.
1494 4519 1525 4564 2.
1560 4497 1639 4564 168.
1663 4498 1715 4568 Sic
1738 4519 1774 4568 ut
1788 4497 1840 4570 de
1868 4495 1875 4508 ’
2104 4574 2106 4580 ,

231 4589 352 4661 eadem
378 4589 585 4688 benignitatis
606 4595 730 4663 ratione
754 4597 790 4663 in
813 4587 958 4665 obscuris
984 4595 1109 4666 ratione
1123 4591 1260 4666 frutici
1274 4613 1430 4674 eventus,
1458 4588 1496 4661 fit
1519 4589 1559 4678 ‚d
1574 4589 1622 4662 lex
1636 4603 1693 4684 56.
1701 4593 1801 4696 fiipra
1818 4595 1833 4678 ‚'
1879 4633 1886 4682 4
1989 4599 1991 4604 ’

236 4691 256 4775 (
269 4713 342 4780 quo
353 4683 384 4758 se
398 4687 450 4760 hic
465 4687 609 4760 referunt
622 4697 836 4784 Interpretes,
850 4690 1074 4788 leslorenique
1092 4696 1276 4782 remittunt)
1291 4744 1299 4762 .
1315 4697 1355 4760 Et
1368 4714 1445 4762 eum
1458 4683 1528 4760 suas
1542 4687 1673 4790 fingulae
1690 4691 1840 4791 habpa'nt·
1883 4711 1903 4792 ’ζ
1929 4755 1934 4766 ,

232 4780 612 4960 propi'psqoelspecies:
639 4793 784 4888 quarum
793 4785 950 4888 synopsin
971 4789 1134 4966 babegakd
1147 4793 1218 4866 xl.
1240 4793 1319 4862 158.
1332 4789 1400 4864 liae
1415 4775 1858 4908 nourinarimve'rsrgpi‘iii'*
1898 4863 1901 4868 ,

370 4913 431 4960 om.
495 4940 504 4960 .
1087 4911 1098 4932 ι
1742 4913 1826 4980 ιω,
2042 4911 2045 4920 i
