4692 5960
440 667 568 769 ιη’
699 667 706 730 :
811 669 1677 757 tneosteornotnenr

486 782 592 871 Cujus
605 771 692 850 teir¹
773 782 805 850 la
822 778 941 874 plura,
969 796 1007 847 ut
1021 776 1053 848 d.
1064 779 1087 846 l.
1103 783 1137 845 6.
1152 775 1198 846 ita
1211 783 1246 847 dt
1269 776 1302 848 d.
1315 779 1338 848 1.
1358 801 1370 846 ι
1379 802 1414 866 9.
1432 803 1488 849 ze.
1506 781 1591 852 &in
1610 777 1703 853 finili
1716 805 1752 853 et
1798 803 1934 866 mento,
1957 787 2030 864 ins.

428 883 455 950 -ἰ
465 925 474 952 .
484 889 536 952 ·D.
547 883 578 972 fi
586 878 668 976 quid
678 801 838 974 mend.
848 890 941 982 patr.
955 871 1168 949 cumulantur
1182 921 1192 954 .
1206 873 1307 946 veluti
1322 871 1431 970 siquis
1443 876 1661 952 commodum
1674 878 1732 953 ber
1775 885 1859 956 'tatis
1873 907 1929 958 aut
1943 886 2034 987 lega.

437 984 462 1050 ti
476 975 533 1050 sibi
546 977 642 1056 delati
654 972 833 1074 spreverit,
848 979 881 1050 rs.
895 981 919 1049 s.
937 983 970 1047 6.
986 979 1016 1054 §.
1034 1001 1067 1046 ι.
1080 1001 1116 1065 4.
1133 993 1191 1044 aut
1204 969 1580 1070 querelaminofficios,
1596 1001 1635 1049 nt
1647 979 1681 1052 d.
1692 984 1715 1052 s.
1733 1005 1764 1053 r.
1777 987 1806 1060 §-
1823 987 1857 1056 8.
1872 983 1922 1056 tel
1933 1013 2030 1060 eom-

436 1078 581 1151 modum
596 1076 692 1178 legati
705 1076 757 1148 vel
774 1075 989 1173 stipulationis
1003 1071 1259 1170 conditionalis,
1284 1072 1489 1156 conditioni,
1515 1099 1594 1148 cum
1607 1099 1719 1172 parere
1732 1077 1859 1176 posset,
1885 1111 1955 1157 non
1969 1105 2031 1181 pe-

439 1177 567 1264 rend0,
593 1178 666 1248 dcl.
680 1185 712 1249 6.
727 1181 757 1254 §.
770 1199 803 1248 t.
832 1185 915 1264 Quo
927 1175 1067 1270 pertinet
1083 1173 1180 1242 etiam
1196 1170 1292 1268 quod
1304 1171 1369 1244 hoc
1385 1166 1456 1268 ipso
1469 1172 1524 1246 lib.
1541 1199 1597 1247 ιι.
1616 1175 1778 1273 Ulpianus
1789 1184 1905 1253 traslat
1918 1171 1954 1256 in
1965 1188 1997 1256 d.
2008 1191 2031 1259 1.

439 1305 503 1366 42:
516 1287 558 1350 D.
576 1271 614 1348 de
627 1273 753 1376 obligat.
767 1273 809 1346 de
821 1301 862 1346 eo
877 1275 931 1346 cui
946 1269 1003 1342 sub
1019 1269 1212 1342 conditione
1228 1269 1374 1386 legatum
1396 1269 1545 1345 relislum
1560 1273 1629 1355 ess,
1654 1275 1706 1348 vel
1721 1281 1785 1374 'qui
1795 1275 1854 1352 sub
1864 1283 2030 1357 conditio.

437 1401 481 1447 ne
496 1374 660 1470 stipulatus
675 1375 729 1447 est.
740 1373 801 1446 Vel
817 1371 841 1444 st
856 1371 998 1444 Falcidiae
1011 1391 1068 1441 aut
1080 1367 1321 1441 Trebellianrcae
1333 1367 1527 1444 beneficium
1543 1367 1729 1469 spernebat
1743 1381 1785 1450 s.r
1794 1405 1891 1468 9.ιο.
1908 1391 1958 1456 D.
1968 1411 2031 1480 que

431 1471 592 1570 infrenis.
609 1475 694 1545 cred.
709 1477 820 1566 l.5.§.r
831 1481 913 1566 5.D.
921 1472 958 1542 de
969 1467 1140 1542 donanim.
1148 1468 1255 1552 vin&
1267 1481 1359 1542 rixor.
1369 1471 1409 1544 Et
1420 1469 1488 1543 ltaee
1502 1469 1638 1567 quidem
1652 1476 1697 1546 ita
1708 1465 1749 1548 de
1763 1483 1835 1568 jure
1849 1479 1947 1553 ciuili.
1964 1483 2027 1557 Sed

439 1573 522 1668 qnid
533 1575 568 1644 in
584 1575 694 1668 prati?
721 1577 904 1673 Fingamus:
918 1567 1001 1640 filius
1016 1567 1159 1640 debitam
1175 1567 1232 1640 fibi
1244 1569 1419 1738 [epitimam
1437 1595 1506 1641 non
1518 1575 1634 1666 petiit,
1650 1571 1702 1645 vel
1713 1574 1754 1646 ad
1767 1577 1908 1650 eundem
1922 1577 2029 1682 legiti-

396 1707 399 1722 ·
440 1695 503 1744 me
524 1669 710 1744 'obtinendae
729 1667 854 1752 finem,
881 1695 952 1742 non
970 1666 1170 1764 postulavit,
1190 1689 1229 1738 ut
1241 1695 1263 1740 ιι
1279 1665 1442 1741 usfrustus
1454 1671 1608 1744 omniurn
1623 1670 1792 1748 bonosum
1807 1681 1899 1748 uxori
1913 1703 2032 1752 contra

438 1775 488 1862 jus
502 1769 697 1866 municipale
710 1771 840 1850 relislns
857 1770 934 1862 ,lad
947 1767 1088 1839 modum
1098 1765 1289 1868 legitimum
1301 1761 1509 1840 reduceretur
1522 1796 1529 1840 t
1544 1769 1596 1842 vel
1611 1767 1693 1843 filius
1707 1779 1865 1871 querelam
1877 1775 2035 1876 inofficiosi

439 1861 510 1940 non
521 1871 658 1942 instituit
675 1883 692 1942 i
716 1869 905 1944 Creditores
919 1868 953 1938 id
968 1889 1005 1938 ut
1020 1866 1149 1937 videtur
1164 1891 1316 1940 revocare
1330 1891 1368 1937 ex
1382 1867 1576 1968 hujusReg.
1587 1873 1621 1940 vi
1635 1895 1704 1942 non
1719 1868 1873 1968 possunt:
1898 1877 1941 1949 de
1960 1893 2032 1973 que

438 1967 513 2041 vide
524 1972 622 2041 etiam
637 1968 755 2042 Placita
769 1967 950 2044 Parifiensn
965 1965 1053 2060 apud
1067 1969 1232 2038 Annaeum
1245 1964 1450 2049 Roberruro,
1462 1965 1517 2042 seb.
1534 1995 1564 2060 3.
1580 1971 1876 2060 rernmjttdt'cerar.
1892 1999 1961 2078 cap.
1978 2002 2032 2052 ιι.

437 2067 654 2142 Charondam
667 2069 722 2142 sib.
742 2097 772 2161 3.
783 2069 876 2172 Kasp.
893 2095 927 2158 9.
944 2063 999 2137 sib.
1013 2079 1048 2154 7.
1061 2089 1131 2168 cap.
1152 2089 1232 2164 try.
1246 2076 1284 2148 cs
1295 2063 1351 2138 tib.
1367 2089 1402 2153 9.
1418 2091 1487 2170 cap.
1509 2071 1563 2140 18.
1586 2073 1626 2141 Et
1640 2091 1746 2140 tamen
1758 2069 1846 2144 idem
1862 2071 2030 2148 noberrus

438 2163 525 2239 eliud
540 2167 707 2241 Assellum
721 2169 762 2240 de
782 2193 872 2244 anno
894 2193 905 2238 ι
916 2169 996 2258 589.
1024 2183 1141 2242 notat,
1168 2165 1210 2236 ad
1222 2167 1404 2263 marginem
1415 2166 1448 2236 A.
1465 2185 1535 2270 cap.
1552 2187 1608 2238 ιι.
1632 2189 1669 2240 ιιι
1695 2175 1729 2240 δι
1746 2171 1902 2244 Lovetius
1915 2173 1966 2244 sit.
1990 2181 2030 2249 R.

301 2309 305 2316 -
428 2290 511 2360 quo
525 2265 607 2338 filius
618 2263 716 2358 jussus
728 2267 772 2336 esl
786 2267 966 2368 legitimam
983 2257 1073 2334 suam
1087 2261 1270 2358 postulate:
1295 2261 1444 2358 alioquin
1457 2265 1491 2334 id
1505 2269 1573 2356 ejus
1587 2269 1724 2338 nomine
1739 2266 1842 2344 sacetc
1855 2271 2033 2346 creditores

438 2358 590 2458 possent.
619 2367 715 2464 Finge
734 2367 836 2447 item,
864 2359 1095 2433 successionem
1117 2359 1296 2460 legitimam
1312 2361 1581 2434 testamentariam
1598 2359 1743 2458 sprevisse
1758 2393 1812 2440 me
1826 2385 1838 2440 t
1864 2373 1984 2466 Neque
1997 2367 2032 2444 id

269 2451 327 2548 ’.ῑ-Ῐξ
430 2460 586 2562 ‘elsUlrnjus
605 2469 687 2560 Reg.
703 2465 737 2534 vi
757 2460 990 2541 revocabitur,
1015 2460 1049 2528 d.
1060 2463 1083 2529 s.
1097 2465 1131 2528 6.
1148 2463 1176 2534 §.
1191 2482 1230 2530 ἰ.
1258 2469 1304 2532 D.
1319 2486 1381 2553 que
1392 2461 1428 2530 in
1444 2463 1560 2552 fraud.
1581 2465 1694 2536 credit.
1718 2469 1758 2536 Et
1774 2471 1929 2539 tamenin
1944 2471 2035 2564 praxi

289 2570 308 2578 ’“
436 2561 595 2635 Lutetius
611 2561 662 2633 lit.
672 2569 718 2634 R.
732 2587 799 2633 err.
820 2585 872 2649 ι9.
893 2583 949 2629 ιο.
971 2557 1134 2629 contraria
1149 2555 1243 2648 plane
1256 2555 1375 2626 Placita
1388 2581 1550 2632 memoret
1566 2565 1576 2641 ,'
1590 2561 1689 2630 etiarn
1703 2563 1737 2630 in
1752 2557 1949 2636 successione
1959 2565 2033 2638 col-

319 2725 323 2732 ,
383 2691 385 2696 ·
436 2653 578 2744 laterali,
594 2671 712 2732 contra
726 2657 811 2731 hanc
826 2663 871 2731 R.
887 2661 922 2727 &
935 2677 1052 2726 eontra
1066 2648 1257 2725 sententiam
1275 2652 1423 2725 Molinaei
1437 2655 1472 2725 in
1483 2657 1511 2732 s.
1531 2680 1561 2726 ι.
1576 2659 1628 2728 Gs.
1646 2685 1675 2751 ς.
1690 2685 1778 2730 rrum.
1801 2687 1855 2734 ιι.
1873 2687 1926 2755 ¹3·
1944 2663 2035 2754 Confi

436 2755 545 2846 Perifi
559 2763 652 2848 Quin
666 2751 949 2831 &consuetudine
964 2756 1193 2824 Normannica
1204 2746 1322 2824 diserte
1331 2755 1536 2824 contrarium
1548 2759 1689 2828 omnino
1702 2779 1855 2839 cavetur,
1871 2785 1933 2834 art.
1951 2765 2033 2850 278.
2061 2783 2063 2788 ·

237 2848 262 2932 .³¹
291 2924 308 2936 μ
435 2851 490 2931 tit.
509 2853 721 2952 desaecceffion
734 2885 772 2930 en
783 2879 920 2968 propre..
944 2875 1084 2946 nempe,
1112 2849 1207 2948 quod
1220 2851 1285 2922 hoc
1301 2845 1375 2921 casu
1391 2849 1568 2926 creditores
1580 2858 1650 2944 jure
1660 2853 1816 2930 debitoris
1829 2863 1876 2930 uti
1889 2859 2033 2954 possint:

435 2952 511 3071 vide
526 2957 561 3027 dt
578 2957 773 3056 Chopinutn
787 2956 825 3034 dt
837 2951 949 3031 morel.
969 2949 1077 3044 Pares
1087 2949 1143 3024 tib.
1162 2975 1195 3024 ι.
1209 2947 1264 3022 rit.
1281 2975 1317 3044 5.
1331 2973 1422 3024 num.
1435 2949 1730 3047 torinneium
1746 3001 1756 3038 ,
1779 2958 1903 3048 dejure
1923 2981 2033 3062 preto.

433 3056 707 3251 mlldtidsslltssue
722 3159 808 3262 Reg.
825 3151 967 3238 nostrat,
992 3139 1061 3228 lraec
1082 3152 1118 3226 in
1135 3141 1296 3248 plerisque
1321 3139 1485 3248 speciebus
1501 3145 1673 3240 redditur,
1700 3151 1795 3250 quod
1816 3158 1876 3252 qui
1889 3155 2039 3244 delatum·

434 3249 494 3330 sibl
508 3248 701 3333 beneficium
715 3249 897 3356 spernunt,
922 3255 1068 3353 pleniore
1079 3257 1190 3350 potius
1207 3249 1279 3324 fidei
1290 3251 1474 3346 praestandae
1488 3246 1599 3324 officio
1614 3251 1706 3353 fungi
1721 3255 1891 3328 videantur
1906 3303 1917 3332 .
1931 3263 1964 3326 &
1979 3253 2035 3329 of.

434 3351 544 3431 ficiosa
555 3360 589 3428 in
604 3355 800 3430 defendam
813 3360 931 3451 pietate
946 3355 1023 3425 duci
1036 3399 1047 3432 ,
1072 3372 1175 3448 quarn
1191 3347 1376 3446 quidquem
1388 3348 1532 3424 donare:
1560 3357 1617 3430 dt,
1642 3375 1678 3422 ιιι
1692 3351 1813 3424 dicitur
1824 3358 1860 3425 in
1877 3347 1923 3450 sp.
1938 3360 1961 3426 s.
1973 3379 2034 3470 pr.

201 3459 204 3467 ’
284 3521 286 3526 .
435 3477 484 3527 tre
501 3479 555 3543 19.
572 3457 648 3538 ess.
664 3475 720 3530 ao.
739 3465 784 3530 D.
798 3453 911 3552 quein
925 3451 1138 3547 franderes.
1153 3453 1228 3530 (Η.
1246 3469 1280 3540 5.
1300 3451 1328 3524 ᾗ.
1348 3471 1402 3537 15.
1417 3457 1463 3519 D.
1481 3449 1636 3522 dedenan
1649 3449 1733 3520 inter
1747 3449 1814 3524 vir.
1830 3461 1869 3536 (9-
1885 3477 2038 3548 umqum

435 3555 471 3626 in
485 3553 534 3624 his
549 3551 677 3624 casibus
688 3554 837 3650 plerique
851 3551 951 3623 fidem
963 3552 1066 3648 magis
1075 3540 1247 3618 exsolvunt
1260 3567 1363 3640 quent
1376 3541 1516 3616 donant:
1528 3573 1587 3620 nec
1597 3545 1640 3618 de
1652 3541 1710 3620 suo
1726 3571 1844 3644 putant
1860 3545 2035 3646 proficisci,

300 3663 303 3670 ’
434 3651 532 3748 qnod
542 3650 585 3722 de
597 3650 703 3724 alieno
714 3651 840 3748 plenius
852 3651 1045 3724 restituunt,
1072 3641 1278 3715 uoluntatem
1289 3641 1434 3716 destttsdli
1449 3638 1572 3730 secuti,
1589 3643 1752 3744 fidemque
1764 3645 1981 3723 exsolventes:
1997 3669 2035 3723 ut

435 3749 505 3826 bec
515 3749 800 3852 emnieeleganter
815 3757 835 3829 J
839 3743 931 3822 utisc.
947 3751 980 3818 in
999 3748 1031 3817 d.
1046 3751 1069 3816 s.
1090 3767 1124 3835 5.
1135 3747 1164 3819 s.
1182 3765 1236 3834 ¹5·
1251 3741 1382 3838 picum
1397 3739 1493 3814 sidem
1505 3769 1544 3814 ac
1562 3743 1706 3818 debitam
1721 3749 1873 3842 pietatem
1892 3743 2038 3843 sequun-

167 3935 177 3950 .
437 3871 493 3921 tut
509 3851 573 3922 dl.
592 3876 648 3940 29.
669 3848 803 3923 fideliter
816 3845 953 3929 faciunt,
972 3845 1005 3918 d.
1019 3847 1102 3917 sao.
1119 3844 1221 3914 Pictas
1237 3839 1381 3954 denique
1397 3865 1468 3914 ¹¹⁰⁰
1484 3840 1745 3938 rel’¹‘³¹²²¹²‘l⁶¹¹‘1²
1760 3844 1822 3934 ἦῆ
1845 3850 1956 3925 l.t.§.
1978 3871 2076 3954 ω’]

438 3955 487 4024 D·
495 3952 616 4048 fiquid
630 3949 666 4021 its
674 3951 790 4044 fraud.
802 3973 926 4053 patron.
1901 4031 1903 4036 ,

475 4051 540 4122 ¹Sic
552 4053 721 4146 propriam
736 4049 832 4141 hujus
847 4053 933 4146 Reg.
950 4037 1088 4139 speeiem
1105 4035 1235 4139 liquido
1251 4060 1400 4112 tenemus
1413 4083 1424 4114 t
1439 4065 1541 4136 quam
1555 4047 1591 4112 dt
1606 4035 1673 4136 ipse
1687 4035 1759 4114 setis
1773 4043 1891 4141 ingerit
1906 4093 1918 4124 ,
1932 4045 1969 4114 dt
1981 4067 2036 4136 eg.

439 4169 639 4248 gementum
654 4147 807 4243 Ulpianei
819 4143 904 4218 libro
920 4171 974 4216 ιι.
988 4140 1029 4212 sd
1041 4141 1213 4236 bdidlum:
1239 4161 1407 4308 quamque
1420 4137 1495 4210 ideo
1516 4143 1707 4234 interpretes
1721 4139 1822 4212 ferme
1833 4137 2035 4218 omnesnoe

487 4267 621 4320 ruerunt
637 4271 707 4317 non
725 4239 898 4344 agnoscere
914 4295 923 4316 .
951 4239 1065 4314 Valeat
1090 4233 1232 4336 proinde
1256 4241 1383 4334 peries.
1408 4259 1512 4332 quam
1529 4233 1709 4312 Raetardos
1719 4238 1864 4337 ponebat
1876 4241 1913 4313 in
1929 4265 1966 4313 et
1981 4240 2038 4316 cui

438 4269 585 4446 ssimum
598 4345 644 4420 est
659 4339 718 4416 sub
731 4343 925 4416 conditione
941 4337 961 4413 .’
1882 4373 1884 4384 ·

491 4447 611 4542 Neque
624 4463 734 4516 tumen
756 4447 791 4515 in
811 4437 1029 4516 creditoribus
1052 4455 1182 4508 tenmm
1196 4435 1295 4528 liujus
1308 4439 1394 4535 Reg.
1413 4437 1463 4505 vis
1479 4429 1631 4520 obtinet,
1656 4457 1773 4510 nrum
1786 4439 1821 4511 in
1838 4433 1908 4512 eliis
1922 4436 2036 4512 mustis

346 4551 351 4560 '
437 4541 600 4618 enititur
615 4539 738 4615 rabbus
766 4545 778 4630 s
794 4543 853 4636 qui
870 4559 978 4610 tamen
992 4585 1005 4620 ,
1031 4557 1069 4608 et
1084 4539 1169 4607 reete
1183 4539 1368 4619 serrarius,
1393 4532 1434 4606 ad
1449 4533 1545 4626 hujus
1560 4539 1645 4634 Reg.
1660 4530 1834 4634 scopulum
1849 4561 1918 4610 non
1932 4541 2037 4634 pertis

397 4621 414 4662 ³*
440 4651 547 4738 nent)
575 4639 685 4714 smilis
699 4641 849 4736 quedam
864 4644 950 4737 Reg.
967 4635 1107 4713 obtinet,
1122 4631 1222 4705 veluti
1238 4675 1250 4718 2
1305 4659 1336 4707 ι.
1361 4637 1395 4706 in
1413 4631 1554 4736 patronis
1569 4689 1576 4706 .
1603 4637 1692 4707 Nam
1704 4641 1738 4708 δι
1754 4633 1776 4707 sr
1791 4637 1874 4734 quid
1885 4663 1904 4708 a
1917 4626 2036 4719 liberto

439 4739 641 4838 adquisitum
653 4758 724 4810 non
740 4737 860 4824 suerit,
883 4735 917 4809 id
932 4733 1066 4806 Fabiam
1080 4733 1130 4804 rel
1143 4731 1315 4807 Casusrana
1326 4735 1456 4804 stitione
1467 4759 1487 4803 e
1500 4753 1663 4827 patrono,
1677 4734 1815 4808 velutin
1829 4733 1977 4807 fraudem
1991 4729 2040 4810 seli

119 4873 185 4910 m„
320 4857 323 4863 ’
441 4837 595 4920 sussum,
622 4840 767 4911 revocati
782 4827 1134 4932 trotrpotest,1s.'t.§.
1149 4842 1233 4921 6.7.
1250 4835 1283 4903 8.
1300 4857 1335 4920 9.
1353 4829 1570 4928 D.fian'din
1579 4836 1694 4926 freed.
1705 4833 1834 4938 patroni
1842 4835 2039 4928 fesiumfitt

73 4929 115 4994 ,ι’
445 4929 666 5074 substiterint
680 4957 824 5036 patrono
838 4983 851 5024 ,
867 4933 892 5010 fi
906 4931 988 5046 nibil
999 4927 1372 5104 drsssqoirt'necemejus
1384 4927 1517 5016 libertus
1527 4929 1713 5020 dourenc
1721 4957 1821 5022 ⁸fnon
1832 4929 1859 5008 si
1870 4929 2045 5130 quqqppp
