<?xml version="1.0" encoding="UTF-8"?>
<!DOCTYPE html PUBLIC "-//W3C//DTD XHTML 1.0 Transitional//EN"
    "http://www.w3.org/TR/xhtml1/DTD/xhtml1-transitional.dtd">
<html xmlns="http://www.w3.org/1999/xhtml" xml:lang="en" lang="en">
 <head>
  <title>
</title>
<meta http-equiv="Content-Type" content="text/html;charset=utf-8" />
  <meta name='ocr-system' content='tesseract 3.04.00' />
  <meta name='ocr-capabilities' content='ocr_page ocr_carea ocr_par ocr_line ocrx_word'/>
</head>
<body>
  <div class='ocr_page' id='page_1' title='image "./jacobigothofred00godegoog_0138.png"; bbox 0 0 4692 5960; ppageno 0'>
   <div class='ocr_carea' id='block_1_1' title="bbox 428 585 2058 1182">
    <p class='ocr_par' dir='ltr' id='par_1_1' title="bbox 428 585 1698 697">
     <span class='ocr_line' id='line_1_1' title="bbox 428 585 1698 697; baseline -0.013 -22"><span class='ocrx_word' id='word_1_1' title='bbox 428 611 516 697; x_wconf 62' lang='grc' dir='ltr'>ιμ</span> <span class='ocrx_word' id='word_1_2' title='bbox 830 585 1698 668; x_wconf 74' lang='lat' dir='ltr'>JACOBIGOTHOFREDI</span> 
     </span>
    </p>

    <p class='ocr_par' dir='ltr' id='par_1_2' title="bbox 428 677 2058 1182">
     <span class='ocr_line' id='line_1_2' title="bbox 428 677 2058 789; baseline -0.013 -16"><span class='ocrx_word' id='word_1_3' title='bbox 428 701 429 706; x_wconf 68' lang='grc'>’</span> <span class='ocrx_word' id='word_1_4' title='bbox 445 725 486 782; x_wconf 76' lang='grc' dir='ltr'>ιιι</span> <span class='ocrx_word' id='word_1_5' title='bbox 502 705 547 772; x_wconf 85' lang='lat' dir='ltr'>ita</span> <span class='ocrx_word' id='word_1_6' title='bbox 560 693 650 789; x_wconf 50' lang='lat' dir='ltr'>simio</span> <span class='ocrx_word' id='word_1_7' title='bbox 661 689 859 768; x_wconf 77' lang='lat' dir='ltr'>tantundem</span> <span class='ocrx_word' id='word_1_8' title='bbox 874 709 1028 784; x_wconf 78' lang='lat' dir='ltr'>operetur</span> <span class='ocrx_word' id='word_1_9' title='bbox 1043 689 1077 758; x_wconf 89' lang='lat' dir='ltr'>in</span> <span class='ocrx_word' id='word_1_10' title='bbox 1090 679 1165 759; x_wconf 88' lang='lat' dir='ltr'>casu</span> <span class='ocrx_word' id='word_1_11' title='bbox 1179 682 1257 756; x_wconf 75' lang='lat' dir='ltr'>ficto</span> <span class='ocrx_word' id='word_1_12' title='bbox 1273 737 1283 766; x_wconf 93' lang='lat'><strong><em>,</em></strong></span> <span class='ocrx_word' id='word_1_13' title='bbox 1302 687 1481 780; x_wconf 68' lang='lat' dir='ltr'>&#39;quantun</span> <span class='ocrx_word' id='word_1_14' title='bbox 1492 687 1609 758; x_wconf 73' lang='lat' dir='ltr'>ueritas</span> <span class='ocrx_word' id='word_1_15' title='bbox 1623 690 1658 760; x_wconf 83' lang='lat' dir='ltr'>in</span> <span class='ocrx_word' id='word_1_16' title='bbox 1673 709 1777 774; x_wconf 83' lang='lat' dir='ltr'>vero,</span> <span class='ocrx_word' id='word_1_17' title='bbox 1803 677 1984 782; x_wconf 71' lang='lat' dir='ltr'>presertim</span> <span class='ocrx_word' id='word_1_18' title='bbox 1999 681 2058 761; x_wconf 72' lang='lat' dir='ltr'>uhi</span> 
     </span>
     <span class='ocr_line' id='line_1_3' title="bbox 443 783 2057 886; baseline -0.012 -13"><span class='ocrx_word' id='word_1_19' title='bbox 443 801 556 873; x_wconf 88' lang='lat' dir='ltr'>eadem</span> <span class='ocrx_word' id='word_1_20' title='bbox 570 792 672 870; x_wconf 85' lang='lat' dir='ltr'>subest</span> <span class='ocrx_word' id='word_1_21' title='bbox 685 798 768 866; x_wconf 86' lang='lat' dir='ltr'>tatio</span> <span class='ocrx_word' id='word_1_22' title='bbox 782 799 817 862; x_wconf 76' lang='grc' dir='ltr'>δι</span> <span class='ocrx_word' id='word_1_23' title='bbox 833 793 985 885; x_wconf 76' lang='lat' dir='ltr'>aquitae.</span> <span class='ocrx_word' id='word_1_24' title='bbox 1004 789 1095 856; x_wconf 87' lang='lat' dir='ltr'>Nam</span> <span class='ocrx_word' id='word_1_25' title='bbox 1107 783 1183 856; x_wconf 90' lang='lat' dir='ltr'>ideo</span> <span class='ocrx_word' id='word_1_26' title='bbox 1200 811 1291 857; x_wconf 80' lang='lat' dir='ltr'>noaae</span> <span class='ocrx_word' id='word_1_27' title='bbox 1306 783 1436 858; x_wconf 88' lang='lat' dir='ltr'>servum</span> <span class='ocrx_word' id='word_1_28' title='bbox 1456 785 1573 858; x_wconf 82' lang='lat' dir='ltr'>dedere</span> <span class='ocrx_word' id='word_1_29' title='bbox 1597 785 1742 858; x_wconf 80' lang='lat' dir='ltr'>dominia</span> <span class='ocrx_word' id='word_1_30' title='bbox 1756 788 1960 886; x_wconf 77' lang='lat' dir='ltr'>perurittitur</span> <span class='ocrx_word' id='word_1_31' title='bbox 1976 839 1992 870; x_wconf 23' lang='lat'>,1</span> <span class='ocrx_word' id='word_1_32' title='bbox 2014 811 2057 858; x_wconf 83' lang='lat' dir='ltr'>ne</span> 
     </span>
     <span class='ocr_line' id='line_1_4' title="bbox 446 879 2056 994; baseline -0.01 -24"><span class='ocrx_word' id='word_1_33' title='bbox 446 898 594 994; x_wconf 75' lang='lat' dir='ltr'>alioquin</span> <span class='ocrx_word' id='word_1_34' title='bbox 606 923 643 968; x_wconf 87' lang='lat' dir='ltr'>ex</span> <span class='ocrx_word' id='word_1_35' title='bbox 658 890 819 966; x_wconf 87' lang='lat' dir='ltr'>maleficio</span> <span class='ocrx_word' id='word_1_36' title='bbox 840 885 1009 958; x_wconf 87' lang='lat' dir='ltr'>servorum</span> <span class='ocrx_word' id='word_1_37' title='bbox 1027 911 1074 956; x_wconf 89' lang='lat' dir='ltr'>res</span> <span class='ocrx_word' id='word_1_38' title='bbox 1087 885 1256 956; x_wconf 88' lang='lat' dir='ltr'>dominica</span> <span class='ocrx_word' id='word_1_39' title='bbox 1271 889 1305 958; x_wconf 92' lang='lat' dir='ltr'>in</span> <span class='ocrx_word' id='word_1_40' title='bbox 1326 885 1424 956; x_wconf 86' lang='lat' dir='ltr'>lroras</span> <span class='ocrx_word' id='word_1_41' title='bbox 1449 883 1650 980; x_wconf 75' lang='lat' dir='ltr'>periclitetur</span> <span class='ocrx_word' id='word_1_42' title='bbox 1658 939 1676 970; x_wconf 78' lang='grc'><strong><em>,</em></strong></span> <span class='ocrx_word' id='word_1_43' title='bbox 1694 891 1724 957; x_wconf 87' lang='lat' dir='ltr'>l..</span> <span class='ocrx_word' id='word_1_44' title='bbox 1738 915 1770 962; x_wconf 85' lang='lat'>2.</span> <span class='ocrx_word' id='word_1_45' title='bbox 1782 879 1935 990; x_wconf 52' lang='lat' dir='ltr'>in&#39;princ.</span> <span class='ocrx_word' id='word_1_46' title='bbox 1951 895 2002 960; x_wconf 82' lang='lat' dir='ltr'>D.</span> <span class='ocrx_word' id='word_1_47' title='bbox 2016 887 2056 960; x_wconf 85' lang='lat' dir='ltr'>da</span> 
     </span>
     <span class='ocr_line' id='line_1_5' title="bbox 448 979 2055 1082; baseline -0.009 -11"><span class='ocrx_word' id='word_1_48' title='bbox 448 1003 556 1070; x_wconf 69' lang='lat' dir='ltr'>nond.</span> <span class='ocrx_word' id='word_1_49' title='bbox 571 999 631 1067; x_wconf 74' lang='lat' dir='ltr'>all.</span> <span class='ocrx_word' id='word_1_50' title='bbox 660 991 839 1072; x_wconf 72' lang='lat' dir='ltr'>Secundo,</span> <span class='ocrx_word' id='word_1_51' title='bbox 862 985 1149 1082; x_wconf 76' lang='lat' dir='ltr'>quemadmodum</span> <span class='ocrx_word' id='word_1_52' title='bbox 1172 981 1368 1056; x_wconf 81' lang='lat' dir='ltr'>srdominua</span> <span class='ocrx_word' id='word_1_53' title='bbox 1384 979 1543 1069; x_wconf 86' lang='lat' dir='ltr'>servum,</span> <span class='ocrx_word' id='word_1_54' title='bbox 1570 990 1719 1079; x_wconf 87' lang='lat' dir='ltr'>quemin</span> <span class='ocrx_word' id='word_1_55' title='bbox 1741 983 1796 1062; x_wconf 81' lang='lat' dir='ltr'>sua</span> <span class='ocrx_word' id='word_1_56' title='bbox 1808 986 1967 1082; x_wconf 84' lang='lat' dir='ltr'>potestate</span> <span class='ocrx_word' id='word_1_57' title='bbox 1993 981 2055 1060; x_wconf 79' lang='lat' dir='ltr'>else</span> 
     </span>
     <span class='ocr_line' id='line_1_6' title="bbox 446 1079 2054 1182; baseline -0.007 -14"><span class='ocrx_word' id='word_1_58' title='bbox 446 1095 658 1182; x_wconf 73' lang='lat' dir='ltr'>confitetur,</span> <span class='ocrx_word' id='word_1_59' title='bbox 681 1118 753 1164; x_wconf 93' lang='lat' dir='ltr'>non</span> <span class='ocrx_word' id='word_1_60' title='bbox 768 1087 947 1168; x_wconf 82' lang='lat' dir='ltr'>defendat,</span> <span class='ocrx_word' id='word_1_61' title='bbox 974 1079 1056 1178; x_wconf 85' lang='lat' dir='ltr'>jussu</span> <span class='ocrx_word' id='word_1_62' title='bbox 1074 1087 1224 1155; x_wconf 78' lang='lat' dir='ltr'>Praetoris</span> <span class='ocrx_word' id='word_1_63' title='bbox 1241 1079 1349 1154; x_wconf 84' lang='lat' dir='ltr'>servus</span> <span class='ocrx_word' id='word_1_64' title='bbox 1364 1081 1521 1164; x_wconf 82' lang='lat' dir='ltr'>ducitur,</span> <span class='ocrx_word' id='word_1_65' title='bbox 1544 1082 1587 1154; x_wconf 80' lang='lat' dir='ltr'>stc</span> <span class='ocrx_word' id='word_1_66' title='bbox 1603 1109 1639 1154; x_wconf 91' lang='lat' dir='ltr'>ut</span> <span class='ocrx_word' id='word_1_67' title='bbox 1653 1111 1694 1156; x_wconf 89' lang='lat' dir='ltr'>eo</span> <span class='ocrx_word' id='word_1_68' title='bbox 1707 1113 1825 1158; x_wconf 78' lang='lat' dir='ltr'>carme</span> <span class='ocrx_word' id='word_1_69' title='bbox 1840 1081 1954 1156; x_wconf 76' lang='lat' dir='ltr'>debeat</span> <span class='ocrx_word' id='word_1_70' title='bbox 1969 1137 1982 1169; x_wconf 85' lang='lat'><em>,</em></span> <span class='ocrx_word' id='word_1_71' title='bbox 2007 1089 2054 1156; x_wconf 91' lang='lat' dir='ltr'>ita</span> 
     </span>
    </p>
   </div>
   <div class='ocr_carea' id='block_1_2' title="bbox 305 1179 2054 1293">
    <p class='ocr_par' dir='ltr' id='par_1_3' title="bbox 305 1179 2054 1293">
     <span class='ocr_line' id='line_1_7' title="bbox 305 1179 2054 1293; baseline -0.003 -31"><span class='ocrx_word' id='word_1_72' title='bbox 305 1257 307 1262; x_wconf 79' lang='grc'>,</span> <span class='ocrx_word' id='word_1_73' title='bbox 445 1191 602 1293; x_wconf 84' lang='lat' dir='ltr'>paritersr</span> <span class='ocrx_word' id='word_1_74' title='bbox 626 1191 721 1263; x_wconf 78' lang='lat' dir='ltr'>bona</span> <span class='ocrx_word' id='word_1_75' title='bbox 738 1186 810 1258; x_wconf 82' lang='lat' dir='ltr'>fidei</span> <span class='ocrx_word' id='word_1_76' title='bbox 829 1179 982 1281; x_wconf 88' lang='lat' dir='ltr'>possessor</span> <span class='ocrx_word' id='word_1_77' title='bbox 996 1233 1013 1266; x_wconf 74' lang='lat'>‚</span> <span class='ocrx_word' id='word_1_78' title='bbox 1033 1182 1109 1255; x_wconf 75' lang='lat' dir='ltr'>aiu.</span> <span class='ocrx_word' id='word_1_79' title='bbox 1134 1187 1158 1254; x_wconf 93' lang='lat' dir='ltr'>l.</span> <span class='ocrx_word' id='word_1_80' title='bbox 1178 1186 1235 1260; x_wconf 77' lang='lat'>28.</span> <span class='ocrx_word' id='word_1_81' title='bbox 1250 1183 1355 1278; x_wconf 75' lang='lat' dir='ltr'>ialin.</span> <span class='ocrx_word' id='word_1_82' title='bbox 1382 1193 1495 1274; x_wconf 81' lang='lat' dir='ltr'>Quare</span> <span class='ocrx_word' id='word_1_83' title='bbox 1514 1192 1548 1256; x_wconf 77' lang='grc' dir='ltr'>δι</span> <span class='ocrx_word' id='word_1_84' title='bbox 1564 1181 1659 1259; x_wconf 77' lang='lat' dir='ltr'>bonae</span> <span class='ocrx_word' id='word_1_85' title='bbox 1674 1183 1748 1260; x_wconf 90' lang='lat' dir='ltr'>lidei</span> <span class='ocrx_word' id='word_1_86' title='bbox 1761 1182 1968 1283; x_wconf 78' lang='lat' dir='ltr'>poisellotem</span> <span class='ocrx_word' id='word_1_87' title='bbox 1981 1211 2054 1258; x_wconf 89' lang='lat' dir='ltr'>non</span> 
     </span>
    </p>
   </div>
   <div class='ocr_carea' id='block_1_3' title="bbox 448 1284 1962 1385">
    <p class='ocr_par' dir='ltr' id='par_1_4' title="bbox 448 1284 1962 1385">
     <span class='ocr_line' id='line_1_8' title="bbox 448 1284 1962 1385; baseline -0.027 -20"><span class='ocrx_word' id='word_1_88' title='bbox 448 1294 535 1366; x_wconf 86' lang='lat' dir='ltr'>ultra</span> <span class='ocrx_word' id='word_1_89' title='bbox 561 1295 661 1364; x_wconf 88' lang='lat' dir='ltr'>teneri</span> <span class='ocrx_word' id='word_1_90' title='bbox 686 1312 819 1385; x_wconf 77' lang='lat' dir='ltr'>:equum</span> <span class='ocrx_word' id='word_1_91' title='bbox 843 1284 912 1356; x_wconf 85' lang='lat' dir='ltr'>est.</span> <span class='ocrx_word' id='word_1_92' title='bbox 1959 1317 1962 1324; x_wconf 91' lang='lat'>.</span> 
     </span>
    </p>
   </div>
   <div class='ocr_carea' id='block_1_4' title="bbox 498 1381 2164 1490">
    <p class='ocr_par' dir='ltr' id='par_1_5' title="bbox 498 1381 2164 1490">
     <span class='ocr_line' id='line_1_9' title="bbox 498 1381 2164 1490; baseline -0.011 -26"><span class='ocrx_word' id='word_1_93' title='bbox 498 1398 559 1464; x_wconf 85' lang='lat' dir='ltr'>Par</span> <span class='ocrx_word' id='word_1_94' title='bbox 574 1395 674 1490; x_wconf 81' lang='lat' dir='ltr'>igitur</span> <span class='ocrx_word' id='word_1_95' title='bbox 689 1381 860 1481; x_wconf 86' lang='lat' dir='ltr'>utriusque</span> <span class='ocrx_word' id='word_1_96' title='bbox 878 1386 963 1456; x_wconf 88' lang='lat' dir='ltr'>ratio</span> <span class='ocrx_word' id='word_1_97' title='bbox 978 1383 1023 1455; x_wconf 86' lang='lat' dir='ltr'>est</span> <span class='ocrx_word' id='word_1_98' title='bbox 1038 1385 1071 1454; x_wconf 91' lang='lat' dir='ltr'>in</span> <span class='ocrx_word' id='word_1_99' title='bbox 1089 1381 1272 1465; x_wconf 68' lang='lat' dir='ltr'>aelionibus</span> <span class='ocrx_word' id='word_1_100' title='bbox 1283 1383 1496 1480; x_wconf 79' lang='lat' dir='ltr'>excipiendis:</span> <span class='ocrx_word' id='word_1_101' title='bbox 1523 1386 1639 1458; x_wconf 83' lang='lat' dir='ltr'>Parest</span> <span class='ocrx_word' id='word_1_102' title='bbox 1654 1395 1690 1458; x_wconf 73' lang='lat' dir='ltr'>dt</span> <span class='ocrx_word' id='word_1_103' title='bbox 1704 1393 1739 1464; x_wconf 85' lang='lat' dir='ltr'>in</span> <span class='ocrx_word' id='word_1_104' title='bbox 1764 1384 1949 1462; x_wconf 77' lang='lat' dir='ltr'>actionibus</span> <span class='ocrx_word' id='word_1_105' title='bbox 1964 1408 2051 1456; x_wconf 83' lang='lat' dir='ltr'>exer.</span> <span class='ocrx_word' id='word_1_106' title='bbox 2124 1405 2125 1408; x_wconf 42' lang='lat'>¹</span> <span class='ocrx_word' id='word_1_107' title='bbox 2162 1405 2164 1408; x_wconf 94' lang='lat'>·</span> 
     </span>
    </p>
   </div>
   <div class='ocr_carea' id='block_1_5' title="bbox 421 1481 2051 1584">
    <p class='ocr_par' dir='ltr' id='par_1_6' title="bbox 421 1481 2051 1584">
     <span class='ocr_line' id='line_1_10' title="bbox 421 1481 2051 1584; baseline -0.007 -18"><span class='ocrx_word' id='word_1_108' title='bbox 421 1497 425 1510; x_wconf 92' lang='lat'>&#39;</span> <span class='ocrx_word' id='word_1_109' title='bbox 445 1491 575 1566; x_wconf 85' lang='lat' dir='ltr'>tendis:</span> <span class='ocrx_word' id='word_1_110' title='bbox 602 1493 692 1574; x_wconf 84' lang='lat' dir='ltr'>Nam</span> <span class='ocrx_word' id='word_1_111' title='bbox 708 1493 743 1558; x_wconf 93' lang='lat'>&amp;</span> <span class='ocrx_word' id='word_1_112' title='bbox 758 1488 806 1556; x_wconf 84' lang='lat' dir='ltr'>tei·</span> <span class='ocrx_word' id='word_1_113' title='bbox 820 1484 998 1555; x_wconf 84' lang='lat' dir='ltr'>vindicatio</span> <span class='ocrx_word' id='word_1_114' title='bbox 1014 1482 1201 1554; x_wconf 87' lang='lat' dir='ltr'>Publiciana</span> <span class='ocrx_word' id='word_1_115' title='bbox 1210 1486 1359 1563; x_wconf 76' lang='lat' dir='ltr'>arnone,</span> <span class='ocrx_word' id='word_1_116' title='bbox 1385 1511 1455 1556; x_wconf 91' lang='lat' dir='ltr'>non</span> <span class='ocrx_word' id='word_1_117' title='bbox 1469 1486 1579 1556; x_wconf 88' lang='lat' dir='ltr'>minus</span> <span class='ocrx_word' id='word_1_118' title='bbox 1593 1486 1688 1558; x_wconf 85' lang='lat' dir='ltr'>bonae</span> <span class='ocrx_word' id='word_1_119' title='bbox 1704 1489 1776 1562; x_wconf 84' lang='lat' dir='ltr'>fidei</span> <span class='ocrx_word' id='word_1_120' title='bbox 1793 1481 1958 1584; x_wconf 87' lang='lat' dir='ltr'>possessori</span> <span class='ocrx_word' id='word_1_121' title='bbox 1980 1509 2051 1576; x_wconf 81' lang='lat' dir='ltr'>non</span> 
     </span>
    </p>
   </div>
   <div class='ocr_carea' id='block_1_6' title="bbox 444 1577 2335 1686">
    <p class='ocr_par' dir='ltr' id='par_1_7' title="bbox 444 1577 2335 1686">
     <span class='ocr_line' id='line_1_11' title="bbox 444 1577 2335 1686; baseline -0.016 -23"><span class='ocrx_word' id='word_1_122' title='bbox 444 1589 640 1686; x_wconf 84' lang='lat' dir='ltr'>posfi&#39;denti,</span> <span class='ocrx_word' id='word_1_123' title='bbox 669 1581 845 1658; x_wconf 87' lang='lat' dir='ltr'>seu-amissa</span> <span class='ocrx_word' id='word_1_124' title='bbox 856 1579 1074 1678; x_wconf 77' lang='lat' dir='ltr'>possessione,</span> <span class='ocrx_word' id='word_1_125' title='bbox 1100 1578 1254 1654; x_wconf 86' lang='lat' dir='ltr'>adversus</span> <span class='ocrx_word' id='word_1_126' title='bbox 1280 1587 1414 1656; x_wconf 88' lang='lat' dir='ltr'>tertium</span> <span class='ocrx_word' id='word_1_127' title='bbox 1432 1587 1618 1679; x_wconf 81' lang='lat' dir='ltr'>competit,</span> <span class='ocrx_word' id='word_1_128' title='bbox 1643 1607 1743 1682; x_wconf 75' lang='lat' dir='ltr'>atque</span> <span class='ocrx_word' id='word_1_129' title='bbox 1766 1589 1889 1662; x_wconf 68' lang='lat' dir='ltr'>difeffl</span> <span class='ocrx_word' id='word_1_130' title='bbox 1914 1585 1958 1654; x_wconf 71' lang='lat' dir='ltr'>rei</span> <span class='ocrx_word' id='word_1_131' title='bbox 1974 1586 2049 1653; x_wconf 77' lang='lat' dir='ltr'>vin.</span> <span class='ocrx_word' id='word_1_132' title='bbox 2334 1577 2335 1632; x_wconf 80' lang='lat' dir='ltr'>l</span> 
     </span>
    </p>
   </div>
   <div class='ocr_carea' id='block_1_7' title="bbox 293 1681 2051 2478">
    <p class='ocr_par' dir='ltr' id='par_1_8' title="bbox 293 1681 2051 2478">
     <span class='ocr_line' id='line_1_12' title="bbox 445 1681 2051 1775; baseline -0.006 -13"><span class='ocrx_word' id='word_1_133' title='bbox 445 1689 568 1762; x_wconf 89' lang='lat' dir='ltr'>d&#39;catio</span> <span class='ocrx_word' id='word_1_134' title='bbox 582 1688 723 1758; x_wconf 88' lang='lat' dir='ltr'>domino</span> <span class='ocrx_word' id='word_1_135' title='bbox 736 1690 757 1757; x_wconf 93' lang='lat' dir='ltr'>l.</span> <span class='ocrx_word' id='word_1_136' title='bbox 773 1713 807 1772; x_wconf 92' lang='lat'>7.</span> <span class='ocrx_word' id='word_1_137' title='bbox 826 1688 854 1760; x_wconf 70' lang='lat' dir='ltr'>s.</span> <span class='ocrx_word' id='word_1_138' title='bbox 873 1682 1087 1766; x_wconf 81' lang='lat' dir='ltr'>Publiciana,</span> <span class='ocrx_word' id='word_1_139' title='bbox 1115 1693 1154 1765; x_wconf 53' lang='lat' dir='ltr'>(a</span> <span class='ocrx_word' id='word_1_140' title='bbox 1169 1684 1198 1760; x_wconf 86' lang='lat'>§.</span> <span class='ocrx_word' id='word_1_141' title='bbox 1212 1682 1250 1756; x_wconf 88' lang='lat' dir='ltr'>in</span> <span class='ocrx_word' id='word_1_142' title='bbox 1265 1681 1481 1769; x_wconf 70' lang='lat' dir='ltr'>Publiciana,</span> <span class='ocrx_word' id='word_1_143' title='bbox 1507 1693 1554 1756; x_wconf 91' lang='lat' dir='ltr'>D.</span> <span class='ocrx_word' id='word_1_144' title='bbox 1571 1683 1610 1755; x_wconf 81' lang='lat' dir='ltr'>de</span> <span class='ocrx_word' id='word_1_145' title='bbox 1631 1685 1847 1762; x_wconf 76' lang='lat' dir='ltr'>Publiciana:</span> <span class='ocrx_word' id='word_1_146' title='bbox 1874 1687 1924 1755; x_wconf 82' lang='lat' dir='ltr'>At</span> <span class='ocrx_word' id='word_1_147' title='bbox 1938 1683 2051 1775; x_wconf 85' lang='lat' dir='ltr'>proin·</span> 
     </span>
     <span class='ocr_line' id='line_1_13' title="bbox 445 1781 2050 1880; baseline -0.006 -18"><span class='ocrx_word' id='word_1_148' title='bbox 445 1789 533 1862; x_wconf 87' lang='lat' dir='ltr'>de&amp;</span> <span class='ocrx_word' id='word_1_149' title='bbox 551 1782 1030 1860; x_wconf 74' lang='lat' dir='ltr'>adiioadexbibendnmeidem</span> <span class='ocrx_word' id='word_1_150' title='bbox 1045 1785 1226 1876; x_wconf 90' lang='lat' dir='ltr'>competit,</span> <span class='ocrx_word' id='word_1_151' title='bbox 1253 1809 1327 1880; x_wconf 84' lang='lat' dir='ltr'>quae</span> <span class='ocrx_word' id='word_1_152' title='bbox 1355 1781 1561 1879; x_wconf 85' lang='lat' dir='ltr'>potiffimum</span> <span class='ocrx_word' id='word_1_153' title='bbox 1592 1809 1729 1880; x_wconf 88' lang='lat' dir='ltr'>propter</span> <span class='ocrx_word' id='word_1_154' title='bbox 1744 1793 1787 1862; x_wconf 88' lang='lat' dir='ltr'>rei</span> <span class='ocrx_word' id='word_1_155' title='bbox 1812 1784 2050 1858; x_wconf 78' lang='lat' dir='ltr'>vindicationet</span> 
     </span>
     <span class='ocr_line' id='line_1_14' title="bbox 443 1877 1985 1982; baseline 0 -22"><span class='ocrx_word' id='word_1_156' title='bbox 443 1887 565 1960; x_wconf 84' lang='lat' dir='ltr'>datur:</span> <span class='ocrx_word' id='word_1_157' title='bbox 593 1886 750 1977; x_wconf 82' lang='lat' dir='ltr'>Quohaec</span> <span class='ocrx_word' id='word_1_158' title='bbox 766 1890 811 1957; x_wconf 86' lang='lat' dir='ltr'>R.</span> <span class='ocrx_word' id='word_1_159' title='bbox 832 1907 970 1978; x_wconf 89' lang='lat' dir='ltr'>quoque</span> <span class='ocrx_word' id='word_1_160' title='bbox 988 1885 1092 1976; x_wconf 87' lang='lat' dir='ltr'>aptari</span> <span class='ocrx_word' id='word_1_161' title='bbox 1106 1877 1205 1978; x_wconf 83' lang='lat' dir='ltr'>possrt</span> <span class='ocrx_word' id='word_1_162' title='bbox 1215 1935 1226 1966; x_wconf 91' lang='lat'>,</span> <span class='ocrx_word' id='word_1_163' title='bbox 1253 1881 1345 1954; x_wconf 79' lang='lat' dir='ltr'>sicui</span> <span class='ocrx_word' id='word_1_164' title='bbox 1366 1882 1570 1956; x_wconf 84' lang='lat' dir='ltr'>emtudrurda</span> <span class='ocrx_word' id='word_1_165' title='bbox 1582 1879 1754 1982; x_wconf 85' lang='lat' dir='ltr'>inscriptio</span> <span class='ocrx_word' id='word_1_166' title='bbox 1768 1887 1914 1960; x_wconf 87' lang='lat' dir='ltr'>videatur</span> <span class='ocrx_word' id='word_1_167' title='bbox 1932 1937 1942 1955; x_wconf 86' lang='lat'>.</span> <span class='ocrx_word' id='word_1_168' title='bbox 1981 1952 1985 1960; x_wconf 90' lang='lat'><em>.</em></span> 
     </span>
     <span class='ocr_line' id='line_1_15' title="bbox 293 1975 2047 2093; baseline -0.001 -32"><span class='ocrx_word' id='word_1_169' title='bbox 293 2053 297 2061; x_wconf 93' lang='lat'><em>.</em></span> <span class='ocrx_word' id='word_1_170' title='bbox 495 1987 709 2076; x_wconf 84' lang='lat' dir='ltr'>Par-ratioest</span> <span class='ocrx_word' id='word_1_171' title='bbox 722 2037 739 2070; x_wconf 69' lang='lat'>‚</span> <span class='ocrx_word' id='word_1_172' title='bbox 759 1991 798 2055; x_wconf 76' lang='lat' dir='ltr'>dc</span> <span class='ocrx_word' id='word_1_173' title='bbox 816 1981 892 2054; x_wconf 84' lang='lat' dir='ltr'>side</span> <span class='ocrx_word' id='word_1_174' title='bbox 906 1986 949 2054; x_wconf 89' lang='lat' dir='ltr'>tei</span> <span class='ocrx_word' id='word_1_175' title='bbox 963 1981 1061 2077; x_wconf 81' lang='lat' dir='ltr'>ipfios</span> <span class='ocrx_word' id='word_1_176' title='bbox 1082 2007 1185 2078; x_wconf 86' lang='lat' dir='ltr'>quam</span> <span class='ocrx_word' id='word_1_177' title='bbox 1204 1979 1342 2077; x_wconf 79' lang='lat' dir='ltr'>poffidet</span> <span class='ocrx_word' id='word_1_178' title='bbox 1356 1980 1453 2054; x_wconf 85' lang='lat' dir='ltr'>bonae</span> <span class='ocrx_word' id='word_1_179' title='bbox 1466 1980 1541 2054; x_wconf 88' lang='lat' dir='ltr'>fidei</span> <span class='ocrx_word' id='word_1_180' title='bbox 1559 1975 1729 2093; x_wconf 72' lang='lat' dir='ltr'>possessor,</span> <span class='ocrx_word' id='word_1_181' title='bbox 1756 1987 1894 2060; x_wconf 82' lang='lat' dir='ltr'>utilitate</span> <span class='ocrx_word' id='word_1_182' title='bbox 1906 2000 2047 2082; x_wconf 77' lang='lat' dir='ltr'>agenn:</span> 
     </span>
     <span class='ocr_line' id='line_1_16' title="bbox 301 2077 2049 2184; baseline -0.003 -22"><span class='ocrx_word' id='word_1_183' title='bbox 301 2099 303 2108; x_wconf 90' lang='lat'>&#39;</span> <span class='ocrx_word' id='word_1_184' title='bbox 442 2088 585 2162; x_wconf 87' lang='lat' dir='ltr'>Nam&amp;</span> <span class='ocrx_word' id='word_1_185' title='bbox 600 2083 642 2158; x_wconf 88' lang='lat' dir='ltr'>cle</span> <span class='ocrx_word' id='word_1_186' title='bbox 664 2113 699 2156; x_wconf 89' lang='lat' dir='ltr'>re</span> <span class='ocrx_word' id='word_1_187' title='bbox 714 2077 886 2179; x_wconf 84' lang='lat' dir='ltr'>disponere</span> <span class='ocrx_word' id='word_1_188' title='bbox 903 2081 1032 2176; x_wconf 83' lang='lat' dir='ltr'>potest.-</span> <span class='ocrx_word' id='word_1_189' title='bbox 1059 2079 1160 2154; x_wconf 86' lang='lat' dir='ltr'>veluti</span> <span class='ocrx_word' id='word_1_190' title='bbox 1176 2107 1245 2152; x_wconf 87' lang='lat' dir='ltr'>tem</span> <span class='ocrx_word' id='word_1_191' title='bbox 1261 2079 1426 2154; x_wconf 88' lang='lat' dir='ltr'>bonafide</span> <span class='ocrx_word' id='word_1_192' title='bbox 1447 2079 1616 2178; x_wconf 86' lang='lat' dir='ltr'>possessam</span> <span class='ocrx_word' id='word_1_193' title='bbox 1629 2089 1761 2184; x_wconf 86' lang='lat' dir='ltr'>pignori</span> <span class='ocrx_word' id='word_1_194' title='bbox 1785 2086 1853 2160; x_wconf 90' lang='lat' dir='ltr'>obli</span> <span class='ocrx_word' id='word_1_195' title='bbox 1877 2112 1955 2168; x_wconf 82' lang='lat' dir='ltr'>are„</span> <span class='ocrx_word' id='word_1_196' title='bbox 1976 2102 2049 2150; x_wconf 72' lang='lat' dir='ltr'>eon</span> 
     </span>
     <span class='ocr_line' id='line_1_17' title="bbox 444 2113 2047 2284; baseline -0.001 -28"><span class='ocrx_word' id='word_1_197' title='bbox 444 2189 557 2284; x_wconf 70' lang='lat' dir='ltr'>minus</span> <span class='ocrx_word' id='word_1_198' title='bbox 589 2213 626 2260; x_wconf 83' lang='lat' dir='ltr'>ae</span> <span class='ocrx_word' id='word_1_199' title='bbox 640 2210 740 2259; x_wconf 85' lang='lat' dir='ltr'>verua</span> <span class='ocrx_word' id='word_1_200' title='bbox 766 2179 924 2256; x_wconf 75' lang='lat' dir='ltr'>domims</span> <span class='ocrx_word' id='word_1_201' title='bbox 948 2180 1054 2274; x_wconf 87' lang='lat' dir='ltr'>potest</span> <span class='ocrx_word' id='word_1_202' title='bbox 1070 2233 1081 2264; x_wconf 92' lang='lat'>,</span> <span class='ocrx_word' id='word_1_203' title='bbox 1106 2185 1130 2250; x_wconf 87' lang='lat' dir='ltr'>l.</span> <span class='ocrx_word' id='word_1_204' title='bbox 1139 2185 1171 2276; x_wconf 76' lang='lat' dir='ltr'><em>fi</em></span> <span class='ocrx_word' id='word_1_205' title='bbox 1182 2181 1222 2254; x_wconf 82' lang='lat' dir='ltr'>alr</span> <span class='ocrx_word' id='word_1_206' title='bbox 1237 2211 1270 2254; x_wconf 79' lang='lat' dir='ltr'>eo</span> <span class='ocrx_word' id='word_1_207' title='bbox 1289 2185 1343 2254; x_wconf 85' lang='lat'>18.</span> <span class='ocrx_word' id='word_1_208' title='bbox 1357 2184 1397 2262; x_wconf 74' lang='lat' dir='ltr'>de</span> <span class='ocrx_word' id='word_1_209' title='bbox 1434 2183 1540 2284; x_wconf 77' lang='lat' dir='ltr'>igaar.</span> <span class='ocrx_word' id='word_1_210' title='bbox 1561 2181 1625 2256; x_wconf 87' lang='lat' dir='ltr'>Sed</span> <span class='ocrx_word' id='word_1_211' title='bbox 1637 2189 1674 2257; x_wconf 77' lang='lat' dir='ltr'>dt</span> <span class='ocrx_word' id='word_1_212' title='bbox 1688 2241 1699 2272; x_wconf 91' lang='lat'><strong>,</strong></span> <span class='ocrx_word' id='word_1_213' title='bbox 1726 2213 1829 2282; x_wconf 82' lang='lat' dir='ltr'>quam</span> <span class='ocrx_word' id='word_1_214' title='bbox 1842 2113 1979 2282; x_wconf 42' lang='lat' dir='ltr'>&amp;aiem</span> <span class='ocrx_word' id='word_1_215' title='bbox 1993 2177 2047 2248; x_wconf 79' lang='lat' dir='ltr'>hic</span> 
     </span>
     <span class='ocr_line' id='line_1_18' title="bbox 444 2205 2048 2381; baseline -0.006 -25"><span class='ocrx_word' id='word_1_216' title='bbox 444 2283 633 2378; x_wconf 74' lang='lat' dir='ltr'>apponebat</span> <span class='ocrx_word' id='word_1_217' title='bbox 646 2281 826 2381; x_wconf 63' lang='lat' dir='ltr'>bulgarus,</span> <span class='ocrx_word' id='word_1_218' title='bbox 852 2277 978 2350; x_wconf 77' lang='lat' dir='ltr'>fruetus</span> <span class='ocrx_word' id='word_1_219' title='bbox 1001 2282 1047 2350; x_wconf 86' lang='lat' dir='ltr'>tei</span> <span class='ocrx_word' id='word_1_220' title='bbox 1061 2275 1136 2350; x_wconf 88' lang='lat' dir='ltr'>suos</span> <span class='ocrx_word' id='word_1_221' title='bbox 1164 2277 1263 2366; x_wconf 80' lang='lat' dir='ltr'>facit,</span> <span class='ocrx_word' id='word_1_222' title='bbox 1288 2285 1311 2353; x_wconf 93' lang='lat' dir='ltr'>l.</span> <span class='ocrx_word' id='word_1_223' title='bbox 1326 2279 1384 2380; x_wconf 77' lang='lat' dir='ltr'>qui</span> <span class='ocrx_word' id='word_1_224' title='bbox 1389 2205 1458 2373; x_wconf 74' lang='lat' dir='ltr'>siit</span> <span class='ocrx_word' id='word_1_225' title='bbox 1473 2311 1492 2354; x_wconf 89' lang='lat'>2</span> <span class='ocrx_word' id='word_1_226' title='bbox 1497 2309 1514 2374; x_wconf 80' lang='lat'><em>5</em></span> <span class='ocrx_word' id='word_1_227' title='bbox 1535 2286 1563 2358; x_wconf 87' lang='lat'>§.</span> <span class='ocrx_word' id='word_1_228' title='bbox 1583 2309 1614 2354; x_wconf 89' lang='lat'>1.</span> <span class='ocrx_word' id='word_1_229' title='bbox 1629 2285 1801 2376; x_wconf 60' lang='lat' dir='ltr'>dufirris,</span> <span class='ocrx_word' id='word_1_230' title='bbox 1827 2291 1851 2360; x_wconf 88' lang='lat' dir='ltr'>l.</span> <span class='ocrx_word' id='word_1_231' title='bbox 1869 2289 1927 2376; x_wconf 85' lang='lat'>48.</span> <span class='ocrx_word' id='word_1_232' title='bbox 1943 2291 1989 2356; x_wconf 92' lang='lat' dir='ltr'>D.</span> <span class='ocrx_word' id='word_1_233' title='bbox 2009 2276 2048 2347; x_wconf 81' lang='lat' dir='ltr'>de</span> 
     </span>
     <span class='ocr_line' id='line_1_19' title="bbox 441 2376 2048 2478; baseline -0.005 -18"><span class='ocrx_word' id='word_1_234' title='bbox 441 2381 573 2476; x_wconf 61' lang='lat' dir='ltr'>adquin.</span> <span class='ocrx_word' id='word_1_235' title='bbox 591 2411 657 2456; x_wconf 80' lang='lat' dir='ltr'>rer.</span> <span class='ocrx_word' id='word_1_236' title='bbox 669 2380 789 2454; x_wconf 78' lang='lat' dir='ltr'>damin.</span> <span class='ocrx_word' id='word_1_237' title='bbox 804 2381 835 2454; x_wconf 65' lang='grc' dir='ltr'>ὅ.</span> <span class='ocrx_word' id='word_1_238' title='bbox 842 2382 874 2471; x_wconf 80' lang='lat' dir='ltr'><em>ſs</em></span> <span class='ocrx_word' id='word_1_239' title='bbox 881 2376 953 2473; x_wconf 80' lang='lat' dir='ltr'>quis</span> <span class='ocrx_word' id='word_1_240' title='bbox 965 2404 988 2446; x_wconf 82' lang='lat' dir='ltr'>a</span> <span class='ocrx_word' id='word_1_241' title='bbox 997 2405 1058 2450; x_wconf 86' lang='lat' dir='ltr'>non</span> <span class='ocrx_word' id='word_1_242' title='bbox 1072 2376 1196 2448; x_wconf 82' lang='lat' dir='ltr'>domino</span> <span class='ocrx_word' id='word_1_243' title='bbox 1211 2429 1223 2460; x_wconf 89' lang='lat'>,</span> <span class='ocrx_word' id='word_1_244' title='bbox 1238 2380 1312 2471; x_wconf 75' lang='lat' dir='ltr'>Inll.</span> <span class='ocrx_word' id='word_1_245' title='bbox 1324 2382 1362 2452; x_wconf 77' lang='lat' dir='ltr'>de</span> <span class='ocrx_word' id='word_1_246' title='bbox 1375 2389 1415 2452; x_wconf 80' lang='lat' dir='ltr'>R.</span> <span class='ocrx_word' id='word_1_247' title='bbox 1428 2391 1472 2452; x_wconf 91' lang='lat' dir='ltr'>D.</span> <span class='ocrx_word' id='word_1_248' title='bbox 1487 2379 1651 2477; x_wconf 79' lang='lat' dir='ltr'>bonaeque</span> <span class='ocrx_word' id='word_1_249' title='bbox 1662 2381 1738 2458; x_wconf 88' lang='lat' dir='ltr'>fidei</span> <span class='ocrx_word' id='word_1_250' title='bbox 1756 2380 1907 2478; x_wconf 74' lang='lat' dir='ltr'>possessor</span> <span class='ocrx_word' id='word_1_251' title='bbox 1921 2387 1954 2455; x_wconf 89' lang='lat' dir='ltr'>in</span> <span class='ocrx_word' id='word_1_252' title='bbox 1977 2379 2048 2452; x_wconf 78' lang='lat' dir='ltr'>sru-</span> 
     </span>
    </p>
   </div>
   <div class='ocr_carea' id='block_1_8' title="bbox 305 2473 2050 2578">
    <p class='ocr_par' dir='ltr' id='par_1_9' title="bbox 305 2473 2050 2578">
     <span class='ocr_line' id='line_1_20' title="bbox 305 2473 2050 2578; baseline -0.004 -20"><span class='ocrx_word' id='word_1_253' title='bbox 305 2567 308 2574; x_wconf 48' lang='grc'><em>,</em></span> <span class='ocrx_word' id='word_1_254' title='bbox 444 2479 550 2557; x_wconf 72' lang='lat' dir='ltr'>obus</span> <span class='ocrx_word' id='word_1_255' title='bbox 563 2473 776 2578; x_wconf 57' lang='lat' dir='ltr'>paremimdis</span> <span class='ocrx_word' id='word_1_256' title='bbox 789 2475 824 2550; x_wconf 91' lang='lat' dir='ltr'>id</span> <span class='ocrx_word' id='word_1_257' title='bbox 838 2477 920 2570; x_wconf 85' lang='lat' dir='ltr'>juris&#39;</span> <span class='ocrx_word' id='word_1_258' title='bbox 932 2473 1054 2553; x_wconf 87' lang='lat' dir='ltr'>habet,</span> <span class='ocrx_word' id='word_1_259' title='bbox 1080 2475 1175 2570; x_wconf 89' lang='lat' dir='ltr'>quod</span> <span class='ocrx_word' id='word_1_260' title='bbox 1188 2473 1334 2548; x_wconf 84' lang='lat' dir='ltr'>dominis</span> <span class='ocrx_word' id='word_1_261' title='bbox 1346 2475 1545 2572; x_wconf 79' lang='lat' dir='ltr'>praediorum</span> <span class='ocrx_word' id='word_1_262' title='bbox 1559 2481 1721 2556; x_wconf 87' lang='lat' dir='ltr'>tributum</span> <span class='ocrx_word' id='word_1_263' title='bbox 1738 2485 1810 2563; x_wconf 81' lang='lat' dir='ltr'>est,</span> <span class='ocrx_word' id='word_1_264' title='bbox 1836 2509 1874 2556; x_wconf 85' lang='lat' dir='ltr'>ut</span> <span class='ocrx_word' id='word_1_265' title='bbox 1903 2480 2050 2554; x_wconf 78' lang='lat' dir='ltr'>similiter</span> 
     </span>
    </p>
   </div>
   <div class='ocr_carea' id='block_1_9' title="bbox 332 2573 2064 4655">
    <p class='ocr_par' dir='ltr' id='par_1_10' title="bbox 368 2573 2058 3670">
     <span class='ocr_line' id='line_1_21' title="bbox 443 2573 2055 2676; baseline 0 -26"><span class='ocrx_word' id='word_1_266' title='bbox 443 2584 590 2676; x_wconf 87' lang='lat' dir='ltr'>percepti</span> <span class='ocrx_word' id='word_1_267' title='bbox 609 2577 687 2652; x_wconf 87' lang='lat' dir='ltr'>fiant</span> <span class='ocrx_word' id='word_1_268' title='bbox 702 2583 772 2670; x_wconf 84' lang='lat' dir='ltr'>ejus</span> <span class='ocrx_word' id='word_1_269' title='bbox 787 2600 853 2672; x_wconf 85' lang='lat' dir='ltr'>pto.</span> <span class='ocrx_word' id='word_1_270' title='bbox 865 2573 993 2646; x_wconf 86' lang='lat' dir='ltr'>ctdrura</span> <span class='ocrx_word' id='word_1_271' title='bbox 1010 2581 1045 2644; x_wconf 91' lang='lat'><strong>&amp;</strong></span> <span class='ocrx_word' id='word_1_272' title='bbox 1056 2601 1160 2671; x_wconf 77' lang='lat' dir='ltr'>cura:</span> <span class='ocrx_word' id='word_1_273' title='bbox 1185 2573 1357 2671; x_wconf 82' lang='lat' dir='ltr'>denique,</span> <span class='ocrx_word' id='word_1_274' title='bbox 1381 2575 1475 2670; x_wconf 86' lang='lat' dir='ltr'>quod</span> <span class='ocrx_word' id='word_1_275' title='bbox 1489 2575 1531 2646; x_wconf 84' lang='lat' dir='ltr'>ad</span> <span class='ocrx_word' id='word_1_276' title='bbox 1545 2573 1677 2652; x_wconf 72' lang='lat' dir='ltr'>studius</span> <span class='ocrx_word' id='word_1_277' title='bbox 1699 2585 1836 2660; x_wconf 78' lang='lat' dir='ltr'>attinet,</span> <span class='ocrx_word' id='word_1_278' title='bbox 1862 2579 1958 2654; x_wconf 71' lang='lat' dir='ltr'>bone</span> <span class='ocrx_word' id='word_1_279' title='bbox 1974 2574 2055 2650; x_wconf 73' lang='lat' dir='ltr'>fidei</span> 
     </span>
     <span class='ocr_line' id='line_1_22' title="bbox 443 2673 2048 2774; baseline -0.002 -22"><span class='ocrx_word' id='word_1_280' title='bbox 443 2673 600 2774; x_wconf 86' lang='lat' dir='ltr'>possessor</span> <span class='ocrx_word' id='word_1_281' title='bbox 613 2679 690 2752; x_wconf 92' lang='lat' dir='ltr'>loco</span> <span class='ocrx_word' id='word_1_282' title='bbox 705 2677 837 2748; x_wconf 77' lang='lat' dir='ltr'>dommi</span> <span class='ocrx_word' id='word_1_283' title='bbox 846 2674 913 2746; x_wconf 86' lang='lat' dir='ltr'>est.</span> <span class='ocrx_word' id='word_1_284' title='bbox 931 2673 1139 2746; x_wconf 84' lang='lat' dir='ltr'>Postremum</span> <span class='ocrx_word' id='word_1_285' title='bbox 1150 2681 1185 2745; x_wconf 80' lang='lat' dir='ltr'>dc</span> <span class='ocrx_word' id='word_1_286' title='bbox 1200 2673 1266 2745; x_wconf 76' lang='lat' dir='ltr'>hac</span> <span class='ocrx_word' id='word_1_287' title='bbox 1283 2673 1403 2746; x_wconf 87' lang='lat' dir='ltr'>utilitas</span> <span class='ocrx_word' id='word_1_288' title='bbox 1415 2700 1453 2747; x_wconf 87' lang='lat' dir='ltr'>ex</span> <span class='ocrx_word' id='word_1_289' title='bbox 1466 2701 1500 2748; x_wconf 89' lang='lat' dir='ltr'>re</span> <span class='ocrx_word' id='word_1_290' title='bbox 1514 2677 1646 2772; x_wconf 80' lang='lat' dir='ltr'>utrique</span> <span class='ocrx_word' id='word_1_291' title='bbox 1659 2683 1848 2752; x_wconf 89' lang='lat' dir='ltr'>eommunis</span> <span class='ocrx_word' id='word_1_292' title='bbox 1863 2679 1927 2762; x_wconf 88' lang='lat' dir='ltr'>est,</span> <span class='ocrx_word' id='word_1_293' title='bbox 1950 2673 2048 2773; x_wconf 88' lang='lat' dir='ltr'>quod</span> 
     </span>
     <span class='ocr_line' id='line_1_23' title="bbox 443 2767 2047 2874; baseline -0.001 -24"><span class='ocrx_word' id='word_1_294' title='bbox 443 2775 667 2864; x_wconf 81' lang='lat' dir='ltr'>immobilium</span> <span class='ocrx_word' id='word_1_295' title='bbox 683 2776 746 2850; x_wconf 79' lang='lat' dir='ltr'>save</span> <span class='ocrx_word' id='word_1_296' title='bbox 760 2776 916 2848; x_wconf 88' lang='lat' dir='ltr'>dominus</span> <span class='ocrx_word' id='word_1_297' title='bbox 929 2769 993 2844; x_wconf 87' lang='lat' dir='ltr'>five</span> <span class='ocrx_word' id='word_1_298' title='bbox 1009 2771 1105 2844; x_wconf 82' lang='lat' dir='ltr'>bouae</span> <span class='ocrx_word' id='word_1_299' title='bbox 1130 2769 1202 2848; x_wconf 85' lang='lat' dir='ltr'>fidei</span> <span class='ocrx_word' id='word_1_300' title='bbox 1217 2767 1369 2869; x_wconf 76' lang='lat' dir='ltr'>possessor</span> <span class='ocrx_word' id='word_1_301' title='bbox 1386 2771 1510 2866; x_wconf 81' lang='lat' dir='ltr'>judicio</span> <span class='ocrx_word' id='word_1_302' title='bbox 1539 2771 1627 2860; x_wconf 81' lang='lat' dir='ltr'>srsli,</span> <span class='ocrx_word' id='word_1_303' title='bbox 1654 2778 1834 2874; x_wconf 81' lang='lat' dir='ltr'>damnique</span> <span class='ocrx_word' id='word_1_304' title='bbox 1862 2775 1978 2851; x_wconf 71' lang='lat' dir='ltr'>infesti·</span> <span class='ocrx_word' id='word_1_305' title='bbox 1999 2769 2047 2854; x_wconf 81' lang='lat' dir='ltr'>sa·</span> 
     </span>
     <span class='ocr_line' id='line_1_24' title="bbox 443 2869 2022 2978; baseline 0 -30"><span class='ocrx_word' id='word_1_306' title='bbox 443 2871 561 2951; x_wconf 87' lang='lat' dir='ltr'>tisdare</span> <span class='ocrx_word' id='word_1_307' title='bbox 575 2905 645 2950; x_wconf 91' lang='lat' dir='ltr'>non</span> <span class='ocrx_word' id='word_1_308' title='bbox 659 2899 846 2978; x_wconf 77' lang='lat' dir='ltr'>cogantur,</span> <span class='ocrx_word' id='word_1_309' title='bbox 870 2878 893 2946; x_wconf 87' lang='lat' dir='ltr'>l.</span> <span class='ocrx_word' id='word_1_310' title='bbox 908 2897 979 2976; x_wconf 84' lang='lat' dir='ltr'>pen.</span> <span class='ocrx_word' id='word_1_311' title='bbox 995 2876 1028 2948; x_wconf 63' lang='lat' dir='ltr'>§t</span> <span class='ocrx_word' id='word_1_312' title='bbox 1044 2882 1081 2943; x_wconf 86' lang='lat'>6..</span> <span class='ocrx_word' id='word_1_313' title='bbox 1095 2881 1141 2946; x_wconf 88' lang='lat' dir='ltr'>D.</span> <span class='ocrx_word' id='word_1_314' title='bbox 1156 2872 1214 2970; x_wconf 79' lang='lat' dir='ltr'>qui</span> <span class='ocrx_word' id='word_1_315' title='bbox 1222 2869 1379 2964; x_wconf 74' lang='lat' dir='ltr'>satifilare</span> <span class='ocrx_word' id='word_1_316' title='bbox 1395 2927 1407 2958; x_wconf 90' lang='lat'>,</span> <span class='ocrx_word' id='word_1_317' title='bbox 1432 2877 1454 2944; x_wconf 87' lang='lat' dir='ltr'>l.</span> <span class='ocrx_word' id='word_1_318' title='bbox 1471 2901 1506 2963; x_wconf 82' lang='lat'>9.</span> <span class='ocrx_word' id='word_1_319' title='bbox 1522 2875 1552 2950; x_wconf 83' lang='lat'>§.</span> <span class='ocrx_word' id='word_1_320' title='bbox 1561 2899 1633 2976; x_wconf 87' lang='lat' dir='ltr'>pen.</span> <span class='ocrx_word' id='word_1_321' title='bbox 1648 2879 1743 2970; x_wconf 55' lang='lat' dir='ltr'>Dide</span> <span class='ocrx_word' id='word_1_322' title='bbox 1756 2878 1871 2950; x_wconf 61' lang='lat' dir='ltr'>kanna</span> <span class='ocrx_word' id='word_1_323' title='bbox 1883 2878 2022 2970; x_wconf 67' lang='lat' dir='ltr'>infessa.</span> 
     </span>
     <span class='ocr_line' id='line_1_25' title="bbox 368 2970 2049 3072; baseline -0.004 -22"><span class='ocrx_word' id='word_1_324' title='bbox 368 3057 371 3067; x_wconf 48' lang='grc'>,</span> <span class='ocrx_word' id='word_1_325' title='bbox 494 2981 534 3050; x_wconf 86' lang='lat' dir='ltr'>Et</span> <span class='ocrx_word' id='word_1_326' title='bbox 561 2979 684 3050; x_wconf 77' lang='lat' dir='ltr'>Modus</span> <span class='ocrx_word' id='word_1_327' title='bbox 699 3001 809 3046; x_wconf 85' lang='lat' dir='ltr'>tamen</span> <span class='ocrx_word' id='word_1_328' title='bbox 825 2971 963 3068; x_wconf 84' lang='lat' dir='ltr'>quidam</span> <span class='ocrx_word' id='word_1_329' title='bbox 978 2971 1352 3068; x_wconf 77' lang='lat' dir='ltr'>huicexoequatiouibac</span> <span class='ocrx_word' id='word_1_330' title='bbox 1366 2973 1633 3072; x_wconf 82' lang='lat' dir='ltr'>Reg.ponitur„</span> <span class='ocrx_word' id='word_1_331' title='bbox 1661 2970 1714 3046; x_wconf 87' lang='lat' dir='ltr'>seu</span> <span class='ocrx_word' id='word_1_332' title='bbox 1729 2973 1880 3066; x_wconf 84' lang='lat' dir='ltr'>adjicitur</span> <span class='ocrx_word' id='word_1_333' title='bbox 1913 2975 2049 3048; x_wconf 78' lang='lat' dir='ltr'>hisver-</span> 
     </span>
     <span class='ocr_line' id='line_1_26' title="bbox 443 3067 2049 3247; baseline -0.002 -101"><span class='ocrx_word' id='word_1_334' title='bbox 443 3071 507 3148; x_wconf 84' lang='lat' dir='ltr'>bis:</span> <span class='ocrx_word' id='word_1_335' title='bbox 516 3077 680 3247; x_wconf 51' lang='lat' dir='ltr'>{notiam</span> <span class='ocrx_word' id='word_1_336' title='bbox 692 3071 974 3177; x_wconf 79' lang='lat' dir='ltr'>leximpedimenra</span> <span class='ocrx_word' id='word_1_337' title='bbox 989 3100 1050 3144; x_wconf 83' lang='lat' dir='ltr'>aon</span> <span class='ocrx_word' id='word_1_338' title='bbox 1063 3071 1124 3166; x_wconf 74' lang='lat' dir='ltr'>ess:</span> <span class='ocrx_word' id='word_1_339' title='bbox 1139 3073 1230 3172; x_wconf 80' lang='lat' dir='ltr'>Nam</span> <span class='ocrx_word' id='word_1_340' title='bbox 1245 3077 1433 3144; x_wconf 86' lang='lat' dir='ltr'>utmaxime</span> <span class='ocrx_word' id='word_1_341' title='bbox 1446 3072 1541 3146; x_wconf 81' lang='lat' dir='ltr'>bona</span> <span class='ocrx_word' id='word_1_342' title='bbox 1556 3067 1628 3144; x_wconf 84' lang='lat' dir='ltr'>fidei</span> <span class='ocrx_word' id='word_1_343' title='bbox 1643 3069 1795 3169; x_wconf 88' lang='lat' dir='ltr'>possessor</span> <span class='ocrx_word' id='word_1_344' title='bbox 1808 3078 1883 3168; x_wconf 82' lang='lat' dir='ltr'>quia</span> <span class='ocrx_word' id='word_1_345' title='bbox 1900 3072 1949 3160; x_wconf 77' lang='lat' dir='ltr'>sit,</span> <span class='ocrx_word' id='word_1_346' title='bbox 1964 3095 2049 3144; x_wconf 79' lang='lat' dir='ltr'>ana-</span> 
     </span>
     <span class='ocr_line' id='line_1_27' title="bbox 444 3165 2048 3270; baseline -0.001 -24"><span class='ocrx_word' id='word_1_347' title='bbox 444 3198 524 3249; x_wconf 85' lang='lat' dir='ltr'>men</span> <span class='ocrx_word' id='word_1_348' title='bbox 571 3201 609 3248; x_wconf 89' lang='lat' dir='ltr'>ert</span> <span class='ocrx_word' id='word_1_349' title='bbox 626 3171 705 3270; x_wconf 78' lang='lat' dir='ltr'>sape</span> <span class='ocrx_word' id='word_1_350' title='bbox 717 3172 956 3268; x_wconf 84' lang='lat' dir='ltr'>impedimento</span> <span class='ocrx_word' id='word_1_351' title='bbox 971 3171 1035 3256; x_wconf 87' lang='lat' dir='ltr'>est,</span> <span class='ocrx_word' id='word_1_352' title='bbox 1062 3195 1133 3266; x_wconf 91' lang='lat' dir='ltr'>quo</span> <span class='ocrx_word' id='word_1_353' title='bbox 1149 3176 1258 3244; x_wconf 73' lang='lat' dir='ltr'>nunus</span> <span class='ocrx_word' id='word_1_354' title='bbox 1273 3171 1392 3244; x_wconf 88' lang='lat' dir='ltr'>eodem</span> <span class='ocrx_word' id='word_1_355' title='bbox 1419 3177 1489 3267; x_wconf 84' lang='lat' dir='ltr'>jure</span> <span class='ocrx_word' id='word_1_356' title='bbox 1512 3165 1705 3248; x_wconf 66' lang='lat' dir='ltr'>censeatur,</span> <span class='ocrx_word' id='word_1_357' title='bbox 1731 3199 1806 3270; x_wconf 84' lang='lat' dir='ltr'>quo</span> <span class='ocrx_word' id='word_1_358' title='bbox 1828 3199 1923 3246; x_wconf 80' lang='lat' dir='ltr'>tetus</span> <span class='ocrx_word' id='word_1_359' title='bbox 1938 3172 2048 3246; x_wconf 81' lang='lat' dir='ltr'>dorati-</span> 
     </span>
     <span class='ocr_line' id='line_1_28' title="bbox 444 3263 2049 3374; baseline -0.003 -28"><span class='ocrx_word' id='word_1_360' title='bbox 444 3299 532 3348; x_wconf 89' lang='lat' dir='ltr'>nus.</span> <span class='ocrx_word' id='word_1_361' title='bbox 560 3274 755 3369; x_wconf 77' lang='lat' dir='ltr'>Exemplum</span> <span class='ocrx_word' id='word_1_362' title='bbox 769 3271 873 3372; x_wconf 78' lang='lat' dir='ltr'>vulgo</span> <span class='ocrx_word' id='word_1_363' title='bbox 887 3274 1066 3364; x_wconf 86' lang='lat' dir='ltr'>ponuatin</span> <span class='ocrx_word' id='word_1_364' title='bbox 1088 3276 1160 3364; x_wconf 84' lang='lat' dir='ltr'>jure</span> <span class='ocrx_word' id='word_1_365' title='bbox 1176 3269 1417 3374; x_wconf 69' lang='lat' dir='ltr'>vfircapiendi,</span> <span class='ocrx_word' id='word_1_366' title='bbox 1441 3269 1536 3366; x_wconf 82' lang='lat' dir='ltr'>quod</span> <span class='ocrx_word' id='word_1_367' title='bbox 1556 3263 1674 3344; x_wconf 90' lang='lat' dir='ltr'>scilicet</span> <span class='ocrx_word' id='word_1_368' title='bbox 1686 3270 1785 3344; x_wconf 71' lang='lat' dir='ltr'>borrae</span> <span class='ocrx_word' id='word_1_369' title='bbox 1797 3271 1868 3344; x_wconf 82' lang='lat' dir='ltr'>fidei</span> <span class='ocrx_word' id='word_1_370' title='bbox 1897 3266 2049 3364; x_wconf 72' lang='lat' dir='ltr'>possessor</span> 
     </span>
     <span class='ocr_line' id='line_1_29' title="bbox 443 3367 2058 3468; baseline -0.001 -22"><span class='ocrx_word' id='word_1_371' title='bbox 443 3395 504 3468; x_wconf 82' lang='lat' dir='ltr'>pet</span> <span class='ocrx_word' id='word_1_372' title='bbox 518 3370 755 3468; x_wconf 87' lang='lat' dir='ltr'>usucapionem·</span> <span class='ocrx_word' id='word_1_373' title='bbox 767 3368 809 3442; x_wconf 87' lang='lat' dir='ltr'>ad</span> <span class='ocrx_word' id='word_1_374' title='bbox 824 3371 868 3440; x_wconf 90' lang='lat' dir='ltr'>rei</span> <span class='ocrx_word' id='word_1_375' title='bbox 884 3367 1073 3442; x_wconf 85' lang='lat' dir='ltr'>dominium</span> <span class='ocrx_word' id='word_1_376' title='bbox 1087 3369 1290 3466; x_wconf 86' lang='lat' dir='ltr'>quandoque</span> <span class='ocrx_word' id='word_1_377' title='bbox 1307 3373 1475 3465; x_wconf 89' lang='lat' dir='ltr'>pervenite</span> <span class='ocrx_word' id='word_1_378' title='bbox 1496 3393 1567 3440; x_wconf 91' lang='lat' dir='ltr'>non</span> <span class='ocrx_word' id='word_1_379' title='bbox 1585 3368 1711 3465; x_wconf 81' lang='lat' dir='ltr'>poffit:</span> <span class='ocrx_word' id='word_1_380' title='bbox 1733 3369 1804 3445; x_wconf 90' lang='lat' dir='ltr'>Ubi</span> <span class='ocrx_word' id='word_1_381' title='bbox 1826 3371 1975 3446; x_wconf 89' lang='lat' dir='ltr'>videlicet</span> <span class='ocrx_word' id='word_1_382' title='bbox 2000 3369 2058 3444; x_wconf 84' lang='lat' dir='ltr'>lex·</span> 
     </span>
     <span class='ocr_line' id='line_1_30' title="bbox 395 3461 2049 3568; baseline 0 -26"><span class='ocrx_word' id='word_1_383' title='bbox 395 3502 399 3510; x_wconf 93' lang='lat'><em>·</em></span> <span class='ocrx_word' id='word_1_384' title='bbox 444 3467 680 3568; x_wconf 86' lang='lat' dir='ltr'>usucapionem</span> <span class='ocrx_word' id='word_1_385' title='bbox 692 3467 817 3542; x_wconf 86' lang='lat' dir='ltr'>inhibet</span> <span class='ocrx_word' id='word_1_386' title='bbox 836 3517 844 3546; x_wconf 87' lang='lat'>‚</span> <span class='ocrx_word' id='word_1_387' title='bbox 870 3465 960 3538; x_wconf 88' lang='lat' dir='ltr'>bona</span> <span class='ocrx_word' id='word_1_388' title='bbox 975 3463 1052 3538; x_wconf 86' lang='lat' dir='ltr'>sides</span> <span class='ocrx_word' id='word_1_389' title='bbox 1063 3461 1243 3562; x_wconf 84' lang='lat' dir='ltr'>possidenti</span> <span class='ocrx_word' id='word_1_390' title='bbox 1259 3467 1339 3540; x_wconf 84' lang='lat' dir='ltr'>nihil</span> <span class='ocrx_word' id='word_1_391' title='bbox 1353 3467 1483 3562; x_wconf 87' lang='lat' dir='ltr'>prodest</span> <span class='ocrx_word' id='word_1_392' title='bbox 1497 3521 1513 3552; x_wconf 75' lang='lat'>,</span> <span class='ocrx_word' id='word_1_393' title='bbox 1536 3491 1576 3538; x_wconf 90' lang='lat' dir='ltr'>ut</span> <span class='ocrx_word' id='word_1_394' title='bbox 1588 3463 1704 3564; x_wconf 83' lang='lat' dir='ltr'>diserte</span> <span class='ocrx_word' id='word_1_395' title='bbox 1717 3474 1760 3542; x_wconf 88' lang='lat' dir='ltr'>ait</span> <span class='ocrx_word' id='word_1_396' title='bbox 1791 3475 2001 3567; x_wconf 69' lang='lat' dir='ltr'>Pomponius</span> <span class='ocrx_word' id='word_1_397' title='bbox 2012 3469 2049 3542; x_wconf 87' lang='lat' dir='ltr'>in</span> 
     </span>
     <span class='ocr_line' id='line_1_31' title="bbox 409 3558 2050 3670; baseline -0.001 -26"><span class='ocrx_word' id='word_1_398' title='bbox 409 3573 468 3656; x_wconf 62' lang='grc'>,1.</span> <span class='ocrx_word' id='word_1_399' title='bbox 484 3570 540 3642; x_wconf 84' lang='lat' dir='ltr'>ubi</span> <span class='ocrx_word' id='word_1_400' title='bbox 553 3577 606 3643; x_wconf 79' lang='lat' dir='ltr'>lex</span> <span class='ocrx_word' id='word_1_401' title='bbox 626 3594 684 3660; x_wconf 82' lang='lat'>24.</span> <span class='ocrx_word' id='word_1_402' title='bbox 697 3577 743 3642; x_wconf 89' lang='lat' dir='ltr'>D.</span> <span class='ocrx_word' id='word_1_403' title='bbox 758 3569 796 3638; x_wconf 83' lang='lat' dir='ltr'>de</span> <span class='ocrx_word' id='word_1_404' title='bbox 809 3567 937 3670; x_wconf 80' lang='lat' dir='ltr'>asrrcap.</span> <span class='ocrx_word' id='word_1_405' title='bbox 964 3564 1066 3638; x_wconf 89' lang='lat' dir='ltr'>veluti</span> <span class='ocrx_word' id='word_1_406' title='bbox 1081 3558 1104 3636; x_wconf 88' lang='lat' dir='ltr'>si</span> <span class='ocrx_word' id='word_1_407' title='bbox 1127 3591 1176 3638; x_wconf 84' lang='lat' dir='ltr'>rer</span> <span class='ocrx_word' id='word_1_408' title='bbox 1191 3565 1313 3638; x_wconf 81' lang='lat' dir='ltr'>lrrrtira</span> <span class='ocrx_word' id='word_1_409' title='bbox 1326 3564 1364 3638; x_wconf 83' lang='lat' dir='ltr'>fit</span> <span class='ocrx_word' id='word_1_410' title='bbox 1378 3589 1434 3639; x_wconf 86' lang='lat' dir='ltr'>aut</span> <span class='ocrx_word' id='word_1_411' title='bbox 1451 3571 1487 3640; x_wconf 84' lang='lat' dir='ltr'>ti</span> <span class='ocrx_word' id='word_1_412' title='bbox 1502 3563 1651 3662; x_wconf 73' lang='lat' dir='ltr'>possessa,</span> <span class='ocrx_word' id='word_1_413' title='bbox 1677 3593 1820 3662; x_wconf 85' lang='lat' dir='ltr'>quarum</span> <span class='ocrx_word' id='word_1_414' title='bbox 1848 3594 1968 3644; x_wconf 78' lang='lat' dir='ltr'>aterna</span> <span class='ocrx_word' id='word_1_415' title='bbox 1992 3597 2050 3642; x_wconf 89' lang='lat' dir='ltr'>au-</span> 
     </span>
    </p>

    <p class='ocr_par' dir='ltr' id='par_1_11' title="bbox 332 3659 2051 4459">
     <span class='ocr_line' id='line_1_32' title="bbox 445 3659 2048 3767; baseline 0 -27"><span class='ocrx_word' id='word_1_416' title='bbox 445 3667 580 3758; x_wconf 68' lang='lat' dir='ltr'>&amp;oritas</span> <span class='ocrx_word' id='word_1_417' title='bbox 595 3693 671 3740; x_wconf 90' lang='lat' dir='ltr'>cum</span> <span class='ocrx_word' id='word_1_418' title='bbox 687 3669 728 3738; x_wconf 83' lang='lat' dir='ltr'>sit</span> <span class='ocrx_word' id='word_1_419' title='bbox 757 3665 803 3756; x_wconf 86' lang='lat' dir='ltr'>(id</span> <span class='ocrx_word' id='word_1_420' title='bbox 819 3667 907 3737; x_wconf 82' lang='lat' dir='ltr'>estin</span> <span class='ocrx_word' id='word_1_421' title='bbox 925 3689 1082 3736; x_wconf 76' lang='lat' dir='ltr'>aternum</span> <span class='ocrx_word' id='word_1_422' title='bbox 1098 3669 1269 3760; x_wconf 71' lang='lat' dir='ltr'>repetitio)</span> <span class='ocrx_word' id='word_1_423' title='bbox 1294 3659 1374 3738; x_wconf 70' lang='lat' dir='ltr'>[aaz</span> <span class='ocrx_word' id='word_1_424' title='bbox 1390 3691 1433 3738; x_wconf 82' lang='lat' dir='ltr'>eae</span> <span class='ocrx_word' id='word_1_425' title='bbox 1452 3693 1509 3762; x_wconf 92' lang='lat' dir='ltr'>per</span> <span class='ocrx_word' id='word_1_426' title='bbox 1530 3667 1634 3767; x_wconf 81' lang='lat' dir='ltr'>legem</span> <span class='ocrx_word' id='word_1_427' title='bbox 1653 3675 1730 3740; x_wconf 84' lang='lat' dir='ltr'>XIL</span> <span class='ocrx_word' id='word_1_428' title='bbox 1746 3667 1853 3742; x_wconf 86' lang='lat' dir='ltr'>Tabb.</span> <span class='ocrx_word' id='word_1_429' title='bbox 1877 3673 2048 3752; x_wconf 83' lang='lat' dir='ltr'>Atiniam,</span> 
     </span>
     <span class='ocr_line' id='line_1_33' title="bbox 443 3758 2045 3864; baseline 0.001 -26"><span class='ocrx_word' id='word_1_430' title='bbox 443 3765 568 3846; x_wconf 79' lang='lat' dir='ltr'>Julinm</span> <span class='ocrx_word' id='word_1_431' title='bbox 584 3767 743 3839; x_wconf 86' lang='lat' dir='ltr'>Plautiam</span> <span class='ocrx_word' id='word_1_432' title='bbox 761 3761 892 3860; x_wconf 88' lang='lat' dir='ltr'>usucapi</span> <span class='ocrx_word' id='word_1_433' title='bbox 907 3791 978 3836; x_wconf 91' lang='lat' dir='ltr'>non</span> <span class='ocrx_word' id='word_1_434' title='bbox 993 3758 1128 3858; x_wconf 84' lang='lat' dir='ltr'>possunt</span> <span class='ocrx_word' id='word_1_435' title='bbox 1141 3817 1153 3848; x_wconf 90' lang='lat'>,</span> <span class='ocrx_word' id='word_1_436' title='bbox 1167 3763 1348 3862; x_wconf 84' lang='lat' dir='ltr'>quamlibet</span> <span class='ocrx_word' id='word_1_437' title='bbox 1361 3763 1450 3838; x_wconf 81' lang='lat' dir='ltr'>bona</span> <span class='ocrx_word' id='word_1_438' title='bbox 1466 3764 1527 3838; x_wconf 84' lang='lat' dir='ltr'>fide</span> <span class='ocrx_word' id='word_1_439' title='bbox 1540 3795 1557 3838; x_wconf 87' lang='lat' dir='ltr'>a</span> <span class='ocrx_word' id='word_1_440' title='bbox 1571 3769 1665 3838; x_wconf 87' lang='lat' dir='ltr'>vitii&#39;</span> <span class='ocrx_word' id='word_1_441' title='bbox 1692 3793 1773 3840; x_wconf 87' lang='lat' dir='ltr'>nato</span> <span class='ocrx_word' id='word_1_442' title='bbox 1787 3773 1928 3864; x_wconf 73' lang='lat' dir='ltr'>quesita</span> <span class='ocrx_word' id='word_1_443' title='bbox 1942 3795 1953 3839; x_wconf 79' lang='lat' dir='ltr'>a</span> <span class='ocrx_word' id='word_1_444' title='bbox 1965 3771 1994 3846; x_wconf 70' lang='lat' dir='ltr'>l.</span> <span class='ocrx_word' id='word_1_445' title='bbox 2012 3793 2045 3840; x_wconf 80' lang='lat' dir='ltr'>a.</span> 
     </span>
     <span class='ocr_line' id='line_1_34' title="bbox 332 3793 2048 3969; baseline 0 -31"><span class='ocrx_word' id='word_1_446' title='bbox 332 3951 335 3958; x_wconf 15' lang='grc' dir='ltr'><strong><em>Δ</em></strong></span> <span class='ocrx_word' id='word_1_447' title='bbox 393 3863 396 3869; x_wconf 72' lang='grc'><strong>’</strong></span> <span class='ocrx_word' id='word_1_448' title='bbox 450 3895 481 3962; x_wconf 78' lang='lat'>3.</span> <span class='ocrx_word' id='word_1_449' title='bbox 500 3867 656 3959; x_wconf 55' lang='lat' dir='ltr'>mininie</span> <span class='ocrx_word' id='word_1_450' title='bbox 667 3867 796 3969; x_wconf 65' lang='grc' dir='ltr'>ψεαρ.</span> <span class='ocrx_word' id='word_1_451' title='bbox 811 3867 864 3936; x_wconf 84' lang='lat' dir='ltr'>Sic</span> <span class='ocrx_word' id='word_1_452' title='bbox 877 3888 1016 3960; x_wconf 87' lang='lat' dir='ltr'>quoque</span> <span class='ocrx_word' id='word_1_453' title='bbox 1029 3859 1078 3932; x_wconf 84' lang='lat' dir='ltr'>lex</span> <span class='ocrx_word' id='word_1_454' title='bbox 1094 3860 1230 3936; x_wconf 76' lang='lat' dir='ltr'>blendia</span> <span class='ocrx_word' id='word_1_455' title='bbox 1243 3859 1339 3958; x_wconf 84' lang='lat' dir='ltr'>spacii</span> <span class='ocrx_word' id='word_1_456' title='bbox 1352 3891 1386 3958; x_wconf 86' lang='lat'>5.</span> <span class='ocrx_word' id='word_1_457' title='bbox 1402 3863 1527 3960; x_wconf 85' lang='lat' dir='ltr'>pedum</span> <span class='ocrx_word' id='word_1_458' title='bbox 1542 3871 1575 3938; x_wconf 88' lang='lat' dir='ltr'>in</span> <span class='ocrx_word' id='word_1_459' title='bbox 1588 3793 1735 3940; x_wconf 69' lang='lat' dir='ltr'>consino</span> <span class='ocrx_word' id='word_1_460' title='bbox 1750 3893 1908 3967; x_wconf 81' lang='lat' dir='ltr'>agrorum</span> <span class='ocrx_word' id='word_1_461' title='bbox 1933 3861 2048 3938; x_wconf 88' lang='lat' dir='ltr'>usuca-</span> 
     </span>
     <span class='ocr_line' id='line_1_35' title="bbox 445 3957 2050 4062; baseline 0.001 -26"><span class='ocrx_word' id='word_1_462' title='bbox 445 3971 584 4060; x_wconf 87' lang='lat' dir='ltr'>pionem</span> <span class='ocrx_word' id='word_1_463' title='bbox 599 3965 762 4062; x_wconf 86' lang='lat' dir='ltr'>impedit:</span> <span class='ocrx_word' id='word_1_464' title='bbox 789 3962 830 4036; x_wconf 84' lang='lat' dir='ltr'>fic</span> <span class='ocrx_word' id='word_1_465' title='bbox 845 3961 994 4042; x_wconf 85' lang='lat' dir='ltr'>lexJulia</span> <span class='ocrx_word' id='word_1_466' title='bbox 1006 3957 1101 4034; x_wconf 70' lang='lat' dir='ltr'>fund</span> <span class='ocrx_word' id='word_1_467' title='bbox 1114 3960 1257 4044; x_wconf 85' lang='lat' dir='ltr'>dotalia,</span> <span class='ocrx_word' id='word_1_468' title='bbox 1284 3961 1333 4034; x_wconf 84' lang='lat' dir='ltr'>lex</span> <span class='ocrx_word' id='word_1_469' title='bbox 1352 3961 1522 4038; x_wconf 86' lang='lat' dir='ltr'>Scribonia</span> <span class='ocrx_word' id='word_1_470' title='bbox 1543 3959 1737 4050; x_wconf 85' lang='lat' dir='ltr'>servitutum</span> <span class='ocrx_word' id='word_1_471' title='bbox 1753 3963 1974 4050; x_wconf 87' lang='lat' dir='ltr'>urbanarum,</span> <span class='ocrx_word' id='word_1_472' title='bbox 1999 3963 2050 4038; x_wconf 83' lang='lat' dir='ltr'>lex</span> 
     </span>
     <span class='ocr_line' id='line_1_36' title="bbox 447 4059 2050 4160; baseline -0.001 -24"><span class='ocrx_word' id='word_1_473' title='bbox 447 4066 534 4142; x_wconf 83' lang='lat' dir='ltr'>Julia</span> <span class='ocrx_word' id='word_1_474' title='bbox 551 4065 835 4160; x_wconf 84' lang='lat' dir='ltr'>repetundarum,</span> <span class='ocrx_word' id='word_1_475' title='bbox 859 4067 905 4134; x_wconf 89' lang='lat' dir='ltr'>tei</span> <span class='ocrx_word' id='word_1_476' title='bbox 925 4059 1125 4160; x_wconf 83' lang='lat' dir='ltr'>magistratui</span> <span class='ocrx_word' id='word_1_477' title='bbox 1140 4062 1293 4135; x_wconf 74' lang='lat' dir='ltr'>donata.</span> <span class='ocrx_word' id='word_1_478' title='bbox 1320 4070 1448 4135; x_wconf 86' lang='lat' dir='ltr'>Verum</span> <span class='ocrx_word' id='word_1_479' title='bbox 1466 4065 1515 4138; x_wconf 78' lang='lat' dir='ltr'>he</span> <span class='ocrx_word' id='word_1_480' title='bbox 1535 4059 1653 4160; x_wconf 79' lang='lat' dir='ltr'>species</span> <span class='ocrx_word' id='word_1_481' title='bbox 1677 4089 1746 4135; x_wconf 91' lang='lat' dir='ltr'>non</span> <span class='ocrx_word' id='word_1_482' title='bbox 1764 4065 1849 4136; x_wconf 75' lang='lat' dir='ltr'>reete</span> <span class='ocrx_word' id='word_1_483' title='bbox 1868 4060 1923 4136; x_wconf 85' lang='lat' dir='ltr'>lric</span> <span class='ocrx_word' id='word_1_484' title='bbox 1945 4089 2050 4160; x_wconf 84' lang='lat' dir='ltr'>appo·</span> 
     </span>
     <span class='ocr_line' id='line_1_37' title="bbox 446 4155 2051 4260; baseline 0 -24"><span class='ocrx_word' id='word_1_485' title='bbox 446 4188 601 4248; x_wconf 81' lang='lat' dir='ltr'>nuntur,</span> <span class='ocrx_word' id='word_1_486' title='bbox 626 4189 705 4236; x_wconf 89' lang='lat' dir='ltr'>nam</span> <span class='ocrx_word' id='word_1_487' title='bbox 718 4165 753 4236; x_wconf 92' lang='lat' dir='ltr'>in</span> <span class='ocrx_word' id='word_1_488' title='bbox 766 4155 813 4256; x_wconf 92' lang='lat' dir='ltr'>sp.</span> <span class='ocrx_word' id='word_1_489' title='bbox 829 4159 927 4254; x_wconf 72' lang='lat' dir='ltr'>liujus</span> <span class='ocrx_word' id='word_1_490' title='bbox 939 4165 1026 4259; x_wconf 88' lang='lat' dir='ltr'>Reg.</span> <span class='ocrx_word' id='word_1_491' title='bbox 1043 4157 1107 4232; x_wconf 86' lang='lat' dir='ltr'>tale</span> <span class='ocrx_word' id='word_1_492' title='bbox 1120 4165 1171 4252; x_wconf 76' lang='lat' dir='ltr'>jus</span> <span class='ocrx_word' id='word_1_493' title='bbox 1189 4155 1442 4258; x_wconf 85' lang='lat' dir='ltr'>supponendum</span> <span class='ocrx_word' id='word_1_494' title='bbox 1459 4164 1530 4246; x_wconf 69' lang='lat' dir='ltr'>est,</span> <span class='ocrx_word' id='word_1_495' title='bbox 1554 4159 1648 4260; x_wconf 88' lang='lat' dir='ltr'>quod</span> <span class='ocrx_word' id='word_1_496' title='bbox 1675 4166 1711 4234; x_wconf 84' lang='lat' dir='ltr'>in</span> <span class='ocrx_word' id='word_1_497' title='bbox 1728 4189 1844 4236; x_wconf 82' lang='lat' dir='ltr'>terum</span> <span class='ocrx_word' id='word_1_498' title='bbox 1871 4162 2051 4236; x_wconf 85' lang='lat' dir='ltr'>dominum</span> 
     </span>
     <span class='ocr_line' id='line_1_38' title="bbox 439 4255 2051 4362; baseline 0.001 -28"><span class='ocrx_word' id='word_1_499' title='bbox 439 4289 588 4362; x_wconf 48' lang='lat' dir='ltr'>gquoque</span> <span class='ocrx_word' id='word_1_500' title='bbox 601 4261 714 4336; x_wconf 87' lang='lat' dir='ltr'>cadat:</span> <span class='ocrx_word' id='word_1_501' title='bbox 743 4263 852 4356; x_wconf 81' lang='lat' dir='ltr'>Atqui</span> <span class='ocrx_word' id='word_1_502' title='bbox 861 4262 897 4332; x_wconf 90' lang='lat' dir='ltr'>in</span> <span class='ocrx_word' id='word_1_503' title='bbox 910 4285 1027 4332; x_wconf 86' lang='lat' dir='ltr'>verum</span> <span class='ocrx_word' id='word_1_504' title='bbox 1040 4255 1220 4332; x_wconf 85' lang='lat' dir='ltr'>dominum</span> <span class='ocrx_word' id='word_1_505' title='bbox 1230 4287 1301 4332; x_wconf 92' lang='lat' dir='ltr'>non</span> <span class='ocrx_word' id='word_1_506' title='bbox 1313 4259 1399 4334; x_wconf 83' lang='lat' dir='ltr'>cadit</span> <span class='ocrx_word' id='word_1_507' title='bbox 1409 4255 1563 4362; x_wconf 83' lang='lat' dir='ltr'>usucapio</span> <span class='ocrx_word' id='word_1_508' title='bbox 1573 4290 1590 4348; x_wconf 86' lang='lat'>,·</span> <span class='ocrx_word' id='word_1_509' title='bbox 1612 4265 1671 4358; x_wconf 90' lang='lat' dir='ltr'>qui</span> <span class='ocrx_word' id='word_1_510' title='bbox 1694 4265 1810 4360; x_wconf 86' lang='lat' dir='ltr'>utique</span> <span class='ocrx_word' id='word_1_511' title='bbox 1833 4266 1915 4336; x_wconf 88' lang='lat' dir='ltr'>citra</span> <span class='ocrx_word' id='word_1_512' title='bbox 1935 4258 2051 4338; x_wconf 82' lang='lat' dir='ltr'>usuca·</span> 
     </span>
     <span class='ocr_line' id='line_1_39' title="bbox 446 4358 1097 4459; baseline -0.003 -25"><span class='ocrx_word' id='word_1_513' title='bbox 446 4367 582 4459; x_wconf 86' lang='lat' dir='ltr'>pionem</span> <span class='ocrx_word' id='word_1_514' title='bbox 603 4371 669 4454; x_wconf 87' lang='lat' dir='ltr'>jam</span> <span class='ocrx_word' id='word_1_515' title='bbox 682 4369 718 4434; x_wconf 74' lang='grc' dir='ltr'>δι</span> <span class='ocrx_word' id='word_1_516' title='bbox 733 4361 838 4432; x_wconf 88' lang='lat' dir='ltr'>statim</span> <span class='ocrx_word' id='word_1_517' title='bbox 851 4358 1009 4432; x_wconf 82' lang='lat' dir='ltr'>dominus</span> <span class='ocrx_word' id='word_1_518' title='bbox 1028 4359 1097 4432; x_wconf 81' lang='lat' dir='ltr'>est.</span> 
     </span>
    </p>

    <p class='ocr_par' dir='ltr' id='par_1_12' title="bbox 449 4457 2064 4655">
     <span class='ocr_line' id='line_1_40' title="bbox 500 4457 2054 4561; baseline -0.001 -27"><span class='ocrx_word' id='word_1_519' title='bbox 500 4467 557 4534; x_wconf 80' lang='lat' dir='ltr'>An.</span> <span class='ocrx_word' id='word_1_520' title='bbox 568 4465 668 4561; x_wconf 85' lang='lat' dir='ltr'>igitur</span> <span class='ocrx_word' id='word_1_521' title='bbox 685 4461 783 4552; x_wconf 83' lang='lat' dir='ltr'>hujus</span> <span class='ocrx_word' id='word_1_522' title='bbox 800 4461 999 4554; x_wconf 82' lang='lat' dir='ltr'>exceptionis</span> <span class='ocrx_word' id='word_1_523' title='bbox 1016 4457 1200 4556; x_wconf 81' lang='lat' dir='ltr'>exemplum</span> <span class='ocrx_word' id='word_1_524' title='bbox 1217 4485 1381 4558; x_wconf 82' lang='lat' dir='ltr'>ponemus</span> <span class='ocrx_word' id='word_1_525' title='bbox 1398 4489 1477 4538; x_wconf 86' lang='lat' dir='ltr'>eum</span> <span class='ocrx_word' id='word_1_526' title='bbox 1500 4463 1639 4560; x_wconf 84' lang='lat' dir='ltr'>Cujacio</span> <span class='ocrx_word' id='word_1_527' title='bbox 1654 4464 1688 4537; x_wconf 86' lang='lat' dir='ltr'>iu</span> <span class='ocrx_word' id='word_1_528' title='bbox 1712 4461 1884 4537; x_wconf 70' lang='lat' dir='ltr'>astianum</span> <span class='ocrx_word' id='word_1_529' title='bbox 1899 4468 1991 4552; x_wconf 76' lang='lat' dir='ltr'>iure,</span> <span class='ocrx_word' id='word_1_530' title='bbox 2017 4465 2054 4532; x_wconf 75' lang='grc' dir='ltr'>δε</span> 
     </span>
     <span class='ocr_line' id='line_1_41' title="bbox 449 4555 2064 4655; baseline 0.002 -23"><span class='ocrx_word' id='word_1_531' title='bbox 449 4561 586 4654; x_wconf 88' lang='lat' dir='ltr'>quidem</span> <span class='ocrx_word' id='word_1_532' title='bbox 599 4565 634 4632; x_wconf 91' lang='lat' dir='ltr'>in</span> <span class='ocrx_word' id='word_1_533' title='bbox 653 4564 701 4632; x_wconf 87' lang='lat' dir='ltr'>rei</span> <span class='ocrx_word' id='word_1_534' title='bbox 712 4559 962 4632; x_wconf 69' lang='lat' dir='ltr'>vindicationee.</span> <span class='ocrx_word' id='word_1_535' title='bbox 980 4559 1111 4655; x_wconf 87' lang='lat' dir='ltr'>Nempe</span> <span class='ocrx_word' id='word_1_536' title='bbox 1125 4583 1163 4632; x_wconf 91' lang='lat' dir='ltr'>ut</span> <span class='ocrx_word' id='word_1_537' title='bbox 1180 4565 1223 4634; x_wconf 87' lang='lat' dir='ltr'>rei</span> <span class='ocrx_word' id='word_1_538' title='bbox 1240 4561 1419 4636; x_wconf 71' lang='lat' dir='ltr'>vindicatio</span> <span class='ocrx_word' id='word_1_539' title='bbox 1433 4591 1514 4636; x_wconf 89' lang='lat' dir='ltr'>vero</span> <span class='ocrx_word' id='word_1_540' title='bbox 1527 4561 1687 4654; x_wconf 77' lang='lat' dir='ltr'>domino,</span> <span class='ocrx_word' id='word_1_541' title='bbox 1697 4564 1744 4636; x_wconf 86' lang='lat' dir='ltr'>ita</span> <span class='ocrx_word' id='word_1_542' title='bbox 1757 4569 1791 4632; x_wconf 89' lang='lat'>&amp;</span> <span class='ocrx_word' id='word_1_543' title='bbox 1806 4562 1992 4638; x_wconf 84' lang='lat' dir='ltr'>Publiciana</span> <span class='ocrx_word' id='word_1_544' title='bbox 2016 4555 2064 4636; x_wconf 67' lang='lat' dir='ltr'>sas</span> 
     </span>
    </p>
   </div>
   <div class='ocr_carea' id='block_1_10' title="bbox 286 4613 2171 4760">
    <p class='ocr_par' dir='ltr' id='par_1_13' title="bbox 286 4613 2171 4760">
     <span class='ocr_line' id='line_1_42' title="bbox 286 4613 2171 4760; baseline -0.002 -33"><span class='ocrx_word' id='word_1_545' title='bbox 286 4613 288 4620; x_wconf 21' lang='grc' dir='ltr'>Ι</span> <span class='ocrx_word' id='word_1_546' title='bbox 362 4701 367 4710; x_wconf 77' lang='lat'><em>,</em></span> <span class='ocrx_word' id='word_1_547' title='bbox 446 4661 563 4734; x_wconf 64' lang='lat' dir='ltr'>ilitio.</span> <span class='ocrx_word' id='word_1_548' title='bbox 589 4661 685 4732; x_wconf 82' lang='lat' dir='ltr'>&amp;sic</span> <span class='ocrx_word' id='word_1_549' title='bbox 701 4658 796 4731; x_wconf 78' lang='lat' dir='ltr'>bona</span> <span class='ocrx_word' id='word_1_550' title='bbox 817 4651 1066 4753; x_wconf 84' lang='lat' dir='ltr'>sideipolselsorr</span> <span class='ocrx_word' id='word_1_551' title='bbox 1091 4665 1252 4756; x_wconf 84' lang='lat' dir='ltr'>competit</span> <span class='ocrx_word' id='word_1_552' title='bbox 1278 4662 1489 4760; x_wconf 79' lang='lat' dir='ltr'>regulariter,</span> <span class='ocrx_word' id='word_1_553' title='bbox 1516 4660 1881 4758; x_wconf 71' lang='lat' dir='ltr'>quod-anteadidbum</span> <span class='ocrx_word' id='word_1_554' title='bbox 1908 4663 1973 4732; x_wconf 86' lang='lat' dir='ltr'>est:</span> <span class='ocrx_word' id='word_1_555' title='bbox 1999 4653 2054 4730; x_wconf 89' lang='lat' dir='ltr'>sed</span> <span class='ocrx_word' id='word_1_556' title='bbox 2167 4717 2171 4724; x_wconf 91' lang='lat'><em>.</em></span> 
     </span>
    </p>
   </div>
   <div class='ocr_carea' id='block_1_11' title="bbox 443 4749 2055 4970">
    <p class='ocr_par' dir='ltr' id='par_1_14' title="bbox 443 4749 2055 4970">
     <span class='ocr_line' id='line_1_43' title="bbox 443 4749 2055 4859; baseline -0.001 -30"><span class='ocrx_word' id='word_1_557' title='bbox 443 4755 528 4832; x_wconf 79' lang='lat' dir='ltr'>fallit</span> <span class='ocrx_word' id='word_1_558' title='bbox 541 4763 576 4832; x_wconf 87' lang='lat' dir='ltr'>in</span> <span class='ocrx_word' id='word_1_559' title='bbox 589 4786 651 4844; x_wconf 86' lang='lat' dir='ltr'>eo,</span> <span class='ocrx_word' id='word_1_560' title='bbox 680 4757 776 4854; x_wconf 85' lang='lat' dir='ltr'>quod</span> <span class='ocrx_word' id='word_1_561' title='bbox 790 4785 901 4832; x_wconf 88' lang='lat' dir='ltr'>rerum</span> <span class='ocrx_word' id='word_1_562' title='bbox 914 4749 1116 4856; x_wconf 79' lang='lat' dir='ltr'>furtivarum</span> <span class='ocrx_word' id='word_1_563' title='bbox 1126 4767 1161 4830; x_wconf 77' lang='grc' dir='ltr'>δι</span> <span class='ocrx_word' id='word_1_564' title='bbox 1179 4762 1211 4830; x_wconf 85' lang='lat' dir='ltr'>vi</span> <span class='ocrx_word' id='word_1_565' title='bbox 1228 4757 1437 4855; x_wconf 75' lang='lat' dir='ltr'>polleffitrum</span> <span class='ocrx_word' id='word_1_566' title='bbox 1450 4768 1587 4837; x_wconf 81' lang='lat' dir='ltr'>nombre</span> <span class='ocrx_word' id='word_1_567' title='bbox 1603 4787 1817 4855; x_wconf 56' lang='lat' dir='ltr'>„rerumque</span> <span class='ocrx_word' id='word_1_568' title='bbox 1831 4787 1911 4859; x_wconf 86' lang='lat' dir='ltr'>quas</span> <span class='ocrx_word' id='word_1_569' title='bbox 1926 4757 1974 4828; x_wconf 84' lang='lat' dir='ltr'>lex</span> <span class='ocrx_word' id='word_1_570' title='bbox 1995 4777 2055 4830; x_wconf 85' lang='lat' dir='ltr'>aut</span> 
     </span>
     <span class='ocr_line' id='line_1_44' title="bbox 449 4855 2054 4970; baseline -0.004 -36"><span class='ocrx_word' id='word_1_571' title='bbox 449 4860 647 4945; x_wconf 77' lang='lat' dir='ltr'>constitutio</span> <span class='ocrx_word' id='word_1_572' title='bbox 659 4855 792 4956; x_wconf 73' lang='lat' dir='ltr'>alienari</span> <span class='ocrx_word' id='word_1_573' title='bbox 799 4857 957 4960; x_wconf 79' lang='lat' dir='ltr'>probibet</span> <span class='ocrx_word' id='word_1_574' title='bbox 967 4911 980 4948; x_wconf 91' lang='lat'>‚</span> <span class='ocrx_word' id='word_1_575' title='bbox 1006 4857 1194 4938; x_wconf 80' lang='lat' dir='ltr'>Publiciana</span> <span class='ocrx_word' id='word_1_576' title='bbox 1201 4861 1289 4960; x_wconf 65' lang='lat' dir='ltr'>assio</span> <span class='ocrx_word' id='word_1_577' title='bbox 1305 4889 1380 4970; x_wconf 81' lang='lat' dir='ltr'>noo</span> <span class='ocrx_word' id='word_1_578' title='bbox 1389 4884 1584 4963; x_wconf 85' lang='lat' dir='ltr'>competat,</span> <span class='ocrx_word' id='word_1_579' title='bbox 1607 4866 1702 4959; x_wconf 80' lang='lat' dir='ltr'>Lfiur</span> <span class='ocrx_word' id='word_1_580' title='bbox 1723 4885 1830 4934; x_wconf 82' lang='lat' dir='ltr'>aurem</span> <span class='ocrx_word' id='word_1_581' title='bbox 1847 4887 1881 4950; x_wconf 79' lang='lat'>9.</span> <span class='ocrx_word' id='word_1_582' title='bbox 1893 4861 1924 4938; x_wconf 74' lang='lat' dir='ltr'>i.</span> <span class='ocrx_word' id='word_1_583' title='bbox 1932 4859 2054 4962; x_wconf 67' lang='lat' dir='ltr'>penul.</span> 
     </span>
    </p>
   </div>
   <div class='ocr_carea' id='block_1_12' title="bbox 2007 4957 2063 5052">
    <p class='ocr_par' dir='ltr' id='par_1_15' title="bbox 2007 4957 2063 5052">
     <span class='ocr_line' id='line_1_45' title="bbox 2007 4957 2063 5052; baseline 0 0"><span class='ocrx_word' id='word_1_584' title='bbox 2007 4957 2063 5052; x_wconf 67' lang='lat' dir='ltr'>tr</span> 
     </span>
    </p>
   </div>
   <div class='ocr_carea' id='block_1_13' title="bbox 0 0 2350 5957">
    <p class='ocr_par' dir='ltr' id='par_1_16' title="bbox 0 0 2350 5957">
     <span class='ocr_line' id='line_1_46' title="bbox 0 0 2350 5957; baseline 0 0"><span class='ocrx_word' id='word_1_585' title='bbox 0 0 2350 5957; x_wconf 95' lang='lat' dir='ltr'> </span> 
     </span>
    </p>
   </div>
  </div>
 </body>
</html>
