4692 5960
186 51 194 68 v
219 73 228 84 ι
270 82 271 85 ¹
307 39 501 101 “Ac-¹¹m'
525 12 656 115 ,ᾤεθ’
673 65 708 96 ..n
748 50 789 71 ,ὁ
820 69 828 78 ..

534 167 539 181 ι
806 131 813 143 ι

1624 301 1685 358 ἡδ’*

1544 411 1602 462 ,4,
1803 459 1823 554 ἶ
1903 467 1905 472 Ι

421 583 482 664 nt
507 589 612 670 ruo.
638 586 697 662 ar
725 579 832 662 ner.
858 583 926 660 ac.
954 585 1018 660 nr.
1043 583 1179 662 corr.
1207 592 1360 664 rorcr.
1387 591 1522 664 nmo,
1550 527 1665 660 rins
1692 535 1807 660 111(
1857 613 1904 678 rr

296 712 405 768 unam
428 689 620 764 coaluerunt
637 716 728 759 erran
745 685 887 760 unitione
901 686 976 761 ideo
990 711 1210 784 unaquoque
1225 687 1406 784 eademque
1428 690 1599 786 provincia
1621 685 1769 760 habenda
1783 688 1845 767 est,
1870 695 1907 760 δι

294 817 361 870 una
370 796 388 868 J
391 795 450 862 US
464 791 641 884 provincia
653 789 774 860 amittit
786 837 797 866 ,
811 784 862 860 vel
876 789 1070 860 innovatur:
1085 792 1164 883 quia
1172 781 1243 880 hic
1255 783 1452 879 corijundio
1466 777 1511 860 ob
1521 787 1754 881 temporariam
1771 784 1906 860 tantum

296 891 441 984 aliquam
456 889 631 960 utilitatem
647 880 697 958 vel
710 881 928 958 rreoellitatem
942 884 1002 961 fir.
1028 894 1164 961 Maneat
1181 893 1281 990 igitur
1295 892 1475 960 immotum
1492 887 1691 982 principium
1707 941 1718 971 ,
1744 913 1847 959 unam
1868 893 1905 958 δι

296 1010 514 1064 communem
528 987 840 1060 administrationem
856 1039 868 1072 ,
895 985 947 1058 vel
963 990 1065 1060 etiam
1077 989 1360 1062 nomenclaturam
1378 985 1519 1058 duarum
1534 988 1807 1080 provinciarum,
1835 1013 1906 1060 non

302 1089 379 1162 ideo
394 1087 501 1158 statim
516 1079 758 1158 edicere-unam
773 1092 807 1156 &
830 1085 968 1158 eandem
993 1090 1197 1182 provinciam
1213 1114 1222 1167 3
1247 1092 1318 1161 imo
1333 1111 1442 1182 neque
1455 1109 1562 1156 unum
1583 1090 1617 1156 ὃ(
1634 1109 1814 1158 commune
1833 1095 1908 1164 No·

303 1211 375 1262 men
391 1241 399 1258 .
425 1193 464 1256 ln
478 1188 672 1258 Lucania&
690 1186 822 1256 Bruttiis
845 1184 1031 1280 exemplum
1045 1191 1126 1281 poni
1144 1187 1242 1283 pull'rt
1258 1243 1269 1272 ,
1297 1213 1370 1282 quae
1385 1183 1426 1256 ab
1441 1211 1511 1256 uno
1536 1185 1736 1258 correctore
1751 1183 1909 1284 tegeban-

304 1309 385 1360 tur.
411 1285 496 1356 l‘oni
510 1283 620 1379 potest
640 1287 675 1356 in
699 1281 859 1356 l‘alaestina
873 1287 1065 1378 provincia,
1095 1312 1169 1383 quae
1184 1291 1279 1380 Syrie
1293 1298 1444 1374 ommni
1461 1282 1585 1356 additio
1609 1281 1693 1354 fieta
1708 1281 1813 1354 suerat
1842 1286 1855 1369 (
1873 1305 1909 1354 ut

306 1384 458 1483 loquitu-t
469 1389 489 1460 J
493 1379 656 1478 oseplrus)
686 1382 729 1454 fic
742 1405 777 1454 ut
793 1382 1063 1488 Syria-Palestina
1091 1389 1244 1474 (retenta
1267 1389 1387 1482 partim
1409 1387 1534 1467 veteri,
1560 1385 1680 1478 partim
1697 1407 1777 1454 vero
1791 1377 1912 1454 adscita

307 1510 397 1558 nova
411 1481 650 1578 appellatione)
678 1479 841 1555 diceretur
855 1507 865 1562 ς
895 1488 928 1554 δι
945 1477 1135 1562 subeodem
1152 1489 1248 1580 Syriae
1263 1489 1408 1558 Reuore
1422 1504 1551 1584 ageret.
1580 1483 1665 1554 Boni
1682 1482 1789 1576 potest
1803 1505 1910 1556 exem-

308 1584 405 1680 plprn
417 1583 452 1652 in
470 1581 626 1654 Plroenice
643 1583 815 1680 provincia
830 1629 840 1660 a
865 1607 939 1678 quat
950 1577 1010 1656 sub
1022 1563 1140 1660 eodeni
1155 1589 1252 1682 Syriae
1269 1587 1413 1658 Renore
1434 1581 1548 1682 agebat
1565 1579 1631 1654 boc
1647 1578 1717 1676 ipso
1740 1603 1912 1676 tempore,

308 1705 350 1758 nt
364 1679 522 1777 proditio
533 1683 632 1778 Nigri
645 1679 738 1754 rebus
754 1681 964 1754 Herodianus
980 1735 988 1756 .
1006 1689 1065 1756 ,Εο
1080 1689 1239 1779 pertineat
1253 1689 1353 1786 igitur
1366 1684 1433 1756 haec
1449 1680 1578 1780 Regula
1590 1731 1601 1759 ‚
1615 1682 1763 1774 junstam
1774 1684 1912 1775 provin·
2029 1749 2036 1760 ,

309 1784 394 1852 ciam
410 1777 499 1851 alteri
515 1779 823 1870 ¹administratione,
848 1788 882 1852 &
906 1780 993 1854 sorte
1016 1788 1114 1856 etiarn
1139 1790 1302 1870 nomine,
1329 1784 1525 1878 temporaria
1550 1784 1816 1874 permutatione,
1841 1805 1913 1854 non

309 1879 383 1951 ideo
399 1882 416 1954 J
422 1883 472 1950 Us
485 1881 664 1973 provincia
678 1883 852 1962 amittere,
876 1881 1080 1978 eandemque
1096 1880 1162 1956 fieri
1178 1907 1234 1957 aut
1249 1885 1427 1962 innovari,
1454 1905 1572 1952 verum
1586 1878 1682 1951 aliam
1699 1872 1823 1972 semper
1840 1903 1911 1950 ma·
1955 1949 1970 1968 ,,
2029 1891 2032 1900 “
2079 1960 2084 1970 Ι

310 2003 390 2052 nere
406 2003 415 2048 ι
443 1977 497 2048 Ad
514 1981 623 2050 varios
637 1978 787 2052 videlicet
803 1981 882 2070 juris
895 1975 1028 2052 effedtus
1046 2035 1058 2067 ‚
1083 1980 1140 2054 ubi
1155 1983 1319 2056 distinctio
1339 1979 1453 2076 paffim
1468 1977 1504 2052 fit
1518 1981 1602 2050 inter
1616 1975 1753 2051 eandem
1774 1980 1914 2071 provin·
2004 2013 2008 2020 ·

314 2081 400 2148 ciam
415 2082 450 2146 δι
467 2076 585 2159 aliam,
602 2077 643 2151 lic
661 2101 698 2149 ut
712 2075 808 2174 quod
824 2079 865 2152 ab
880 2076 992 2173 aliquo
1010 2081 1044 2151 in
1060 2108 1125 2154 una
1138 2085 1309 2178 provincia
1322 2081 1389 2154 lieri
1409 2107 1479 2152 non
1494 2077 1668 2173 potestant
1683 2074 1779 2148 debet
1793 2123 1805 2156 ,
1831 2074 1865 2146 id
1880 2078 1916 2148 in

310 2174 410 2246 altera
424 2171 490 2246 lieri
505 2180 571 2268 jam
586 2175 685 2271 possit
700 2175 878 2258 debeatve3
903 2177 1056 2276 Exempla
1076 2180 1192 2254 dnnus
1217 2186 1251 2254 in
1267 2187 1339 2275 jure
1362 2177 1567 2274 Adsidendi,
1589 2175 1793 2279 postulandi,
1813 2174 1914 2265 finis-

311 2271 439 2356 dandi,
471 2301 491 2344 a
512 2274 609 2348 endi.
680 2302 710 2348 1.
737 2270 876 2376 Finge,¹
899 2281 1046 2372 Syrum,
1079 2284 1142 2376 qui
1172 2285 1289 2377 utique
1313 2277 1456 2352 adsidere
1477 2275 1578 2370 judici
1606 2279 1640 2348 in
1661 2277 1834 2370 provincia
1861 2267 1919 2346 sua

313 2374 404 2467 Syria
427 2301 621 2468 proiibetur
633 2383 673 2464 ,)
702 2378 780 2470 quia
808 2401 909 2447 nemo
923 2379 959 2447 in
983 2382 1157 2472 provincia
1175 2375 1231 2450 sua
1251 2377 1394 2452 adfidere
1421 2376 1549 2474 potest)
1575 2401 1620 2446 an
1643 2376 1766 2472 poterit
1783 2373 1871 2444 idem
1883 2375 1920 2446 in

313 2473 403 2564 Syria
423 2470 584 2542 Palaestina
614 2471 774 2544 adlidere?
800 2479 932 2568 Utique
958 2479 1103 2570 poterit,
1132 2501 1292 2574 tanquam
1313 2483 1349 2552 in
1380 2474 1440 2550 alia
1470 2477 1659 2570 provincia3
1685 2499 1723 2544 ex
1743 2473 1804 2544 hac
1827 2477 1914 2572 Reg.

313 2576 348 2642 δι
360 2574 383 2642 l.
405 2598 434 2664 3.
452 2579 499 2644 D.
515 2571 553 2642 de
567 2568 617 2664 effi
630 2572 769 2666 adsrffor.
787 2575 916 2669 Atquin
932 2578 1137 2648 contrarium
1151 2601 1246 2671 putet
1275 2582 1349 2673 quis
1363 2605 1432 2676 arg.
1450 2577 1483 2646 d.
1498 2579 1522 2649 l.
1540 2603 1569 2668 3.
1585 2583 1631 2647 D.
1648 2575 1687 2645 de
1701 2575 1779 2668 offic.
1794 2569 1919 2664 Adscff.

311 2691 510 2768 argumento
527 2694 677 2764 nempea
696 2676 865 2743 contrario
882 2667 972 2746 sensu
987 2669 1185 2770 desumpto:
1212 2675 1268 2748 ubi
1287 2677 1431 2761 dicitur,
1458 2672 1608 2745 steadem
1621 2675 1795 2744 Provincia
1809 2669 1919 2764 postca

311 2763 413 2848 divisa
428 2763 486 2838 sub
499 2767 629 2840 duobus
643 2769 831 2842 Praelidibus
845 2771 1023 2851 constituta
1036 2771 1157 2852 suerit,
1178 2774 1281 2846 veluti
1291 2777 1486 2846 Germania.
1516 2767 1623 2865 Mysia
1646 2817 1657 2849 ‚
1681 2797 1718 2841 cx
1741 2768 1839 2842 altera
1862 2794 1920 2838 ot-

312 2889 386 2940 tum
398 2870 435 2938 in
449 2865 548 2938 altera
561 2865 702 2940 adfidere
718 2865 834 2962 posse,
860 2896 916 2940 nec
937 2870 1045 2942 videri
1064 2871 1100 2942 in
1117 2871 1180 2962 fita
1201 2872 1372 2973 provincia
1401 2872 1558 2966 adfiderr:
1580 2867 1682 2940 Unde
1711 2895 1730 2939 a
1747 2869 1922 2940 contrario

309 2965 444 3062 colligat
474 2970 572 3058 quis,
599 2961 781 3050 lidiversa:
810 2971 989 3061 provincie
1013 2969 1125 3062 postea
1148 2965 1206 3041 sub
1233 2997 1303 3044 uno
1332 2967 1466 3042 Praefid'e
1490 2967 1674 3042 constitutae
1702 2965 1857 3052 fuerint,
1886 2989 1925 3036 ex

312 3061 413 3146 altera
433 3085 546 3133 ortum
568 3065 602 3133 in
617 3061 715 3134 altera
742 3061 886 3136 adfidcre
913 3093 983 3138 non
1004 3063 1116 3162 posse,
1146 3071 1223 3162 quia
1240 3095 1299 3142 nec
1311 3075 1378 3160 jam
1401 3068 1502 3141 altera
1522 3065 1583 3140 srt:
1609 3091 1647 3138 nt
1667 3091 1741 3161 quae
1765 3068 1848 3138 ratio
1873 3061 1925 3138 di-

312 3158 447 3232 visionis
469 3158 531 3238 stt,
557 3168 641 3232 ca&
663 3165 828 3234 contraria
842 3159 880 3234 fit
897 3167 1143 3256 conjunctionis
1163 3176 1199 3238 &
1225 3171 1385 3242 unionis.
1412 3176 1541 3244 Verum
1565 3160 1830 3262 respondendum
1853 3164 1927 3250 est,-

310 3281 548 3358 atgumentum
564 3259 616 3332 hic
629 3285 648 3332 a
662 3265 831 3332 contrario
848 3290 918 3336 non
933 3263 1062 3349 valere,
1091 3270 1169 3362 quia
1183 3267 1240 3340 etsr
1255 3265 1440 3343 contrarius
1455 3264 1494 3338 srt
1512 3261 1615 3345 casus,
1630 3285 1775 3336 attamen
1790 3287 1926 3337 contra-

313 3363 376 3430 tria
391 3360 474 3429 ratio
489 3385 558 3430 non
573 3359 642 3438 est,
668 3353 847 3431 sedcadem
861 3356 1008 3458 semper:
1035 3391 1119 3448 cur,
1145 3369 1285 3463 inquam
1299 3413 1309 3448 r
1322 3369 1357 3440 in
1372 3364 1471 3440 altera
1486 3388 1605 3448 ottus,
1620 3367 1655 3438 in
1667 3365 1766 3438 altera
1781 3361 1928 3438 adfidete

290 3454 412 3554 poffir
425 3489 436 3527 .·
463 3483 580 3552 nempe
599 3503 610 3537 ‚
636 3461 724 3554 quia
734 3483 844 3530 revera
867 3456 999 3533 diversae
1013 3456 1090 3534 sunt
1102 3470 1281 3560 provincie
1296 3522 1304 3540 .

364 3555 518 3628 Secundo
535 3553 697 3656 fingamus
712 3609 723 3640 ,
750 3558 910 3651 Postulare
925 3560 1069 3658 aliquem
1085 3563 1290 3658 prohibitum
1305 3564 1446 3660 judiciali
1466 3559 1647 3646 sententia,
1675 3591 1712 3636 cx
1735 3555 1830 3638 causa
1842 3559 1928 3632 insa-

307 3657 414 3727 niam
431 3679 500 3724 non
515 3659 693 3754 irrogante?
708 3661 790 3728 Sanc
802 3659 838 3728 in
851 3685 890 3731 ea
905 3683 1035 3734 tantum
1047 3666 1276 3758 provincia,in
1294 3691 1362 3762 qua
1376 3661 1494 3738 Praeses
1512 3663 1579 3736 suit'
1590 3667 1650 3761 qui
1667 3659 1858 3736 sententiam
1875 3661 1929 3732 di·

314 3756 384 3834 xit,
411 3753 512 3824 veluti
525 3757 560 3824 in
575 3758 665 3845 Syria
678 3753 728 3826 vel
744 3752 849 3850 Mysia
865 3813 877 3844 ,
903 3786 980 3830 non
989 3763 1075 3832 reete
1090 3761 1265 3857 postulabit
1280 3819 1291 3850 ,
1308 3767 1343 3836 in
1358 3763 1419 3838 alia
1432 3791 1504 3836 non
1521 3762 1715 3859 prohibetur
1731 3811 1742 3846 ,
1758 3785 1795 3836 ut
1812 3763 1930 3858 Papiri.

312 3853 349 3926 in
373 3857 396 3924 l.
413 3881 446 3942 9.
473 3861 520 3926 D.
534 3855 572 3936 de
583 3855 695 3956 postul.
712 3854 787 3928 licet
818 3859 954 3955 (inquit
967 3863 1164 3954 Papinianus
1182 3908 1192 3942 ‚
1214 3869 1318 3958 eal.)
1348 3865 1486 3955 ejufflem
1501 3861 1657 3936 Nominis
1662 3868 1726 3958 stt.

366 3955 539 4051 Fingamus
557 3957 655 4024 tertio
672 3956 706 4024 in
721 3981 786 4026 una
799 3959 896 4050 Syrie
910 3959 1041 4028 civitate
1056 3985 1263 4034 conventum
1276 3966 1359 4035 inea
1376 3959 1535 4054 satisdare
1548 3990 1618 4033 non
1632 3958 1722 4058 posse
1739 3980 1749 4032 t
1776 3964 1861 4040 Sane
1874 3987 1933 4032 au-

204 4126 210 4134 ,
317 4049 426 4124 dictur
442 4050 464 4120 li
487 4055 521 4121 in
542 4051 603 4122 alia
616 4047 762 4142 ejusdem
781 4058 962 4128 Provinciae
977 4061 1075 4152 Syriae
1089 4059 1221 4134 civitate
1235 4056 1385 4140 satisdare
1409 4059 1619 4156 pariturast,
1645 4063 1677 4134 d.
1693 4068 1717 4134 l.
1736 4086 1769 4150 7.
1783 4065 1814 4140 §.
1832 4083 1864 4132 r.
1883 4069 1931 4132 D.

319 4151 378 4245 qui
385 4150 543 4239 firrisdare
571 4155 583 4238 (
597 4178 671 4247 que
686 4151 733 4222 lex
744 4151 825 4228 huic
840 4157 1073 4256 coniungenda
1084 4159 1157 4244 est,
1183 4158 1273 4234 velut
1289 4161 1457 4242 excodem
1470 4161 1607 4258 Ulpiani
1623 4159 1709 4233 libro
1732 4187 1786 4251 14„
1800 4159 1841 4234 ad
1855 4156 1932 4236 Edi·

320 4247 412 4318 &um
429 4243 624 4344 desumpta)
654 4245 707 4322 sed
723 4278 758 4322 ar
782 4277 921 4336 umento
940 4281 959 4325 a
973 4261 1143 4329 contrario
1159 4311 1172 4344 ,
1198 4287 1269 4333 non
1293 4261 1446 4334 audietur
1465 4264 1587 4332 remitti
1601 4259 1769 4356 postulans
1785 4263 1819 4332 in
1836 4257 1933 4330 alium

318 4348 525 4442 provinciam
541 4403 551 4431 ,
576 4373 656 4442 puta
673 4279 868 4426 Palaesinam
884 4351 935 4424 vel
950 4355 1129 4428 Phoerricen
1148 4405 1168 4440 ,·
1184 4363 1337 4454 quamvis
1360 4363 1456 4454 Syriae
1468 4363 1594 4431 unitam
1612 4411 1622 4432 .

266 4479 269 4484 -
368 4453 501 4530 Quarto
516 4442 678 4544 fingamus
694 4444 832 4544 speciem
845 4455 879 4524 in
886 4451 1047 4542 judiciati
1060 4457 1286 4544 conventione,
1315 4459 1372 4531 tibi
1387 4453 1506 4530 scilicet
1525 4457 1638 4551 passrm
1655 4459 1837 4540 tradatur,
1856 4453 1934 4550 ubit

317 4568 397 4621 narn
412 4539 566 4642 locorum
585 4553 619 4614 δέ
635 4549 668 4615 in
684 4573 750 4640 qua
763 4546 903 4644 quisquc
916 4555 1089 4644 provincia
1104 4559 1275 4626 conveniri
1287 4549 1387 4654 pollit
1405 4607 1413 4632 ,
1441 4563 1475 4626 &
1493 4559 1691 4627 nominatim
1707 4557 1821 4641 herese
1847 4579 1932 4648 'qua-

320 4668 355 4716 re
373 4647 408 4716 δί
427 4637 541 4736 passim
564 4637 609 4712 ibi
625 4641 666 4714 de
680 4651 884 4738 provinciaa
909 4651 917 4718 i
936 4649 1115 4739 videmus,
1140 4653 1194 4726 rit.
1211 4655 1249 4726 dr
1259 4653 1410 4744 Judiciir
1428 4708 1437 4727 .
1466 4661 1540 4726 lmo
1557 4663 1596 4740 &A
1607 4655 1661 4734 illa
1681 4657 1815 4748 quaestio
1832 4657 1937 4752 agita·

319 4761 372 4824 ta,
401 4763 515 4848 utrum
539 4744 680 4842 Legatus
696 4745 852 4839 Reipubl.
867 4675 1002 4840 aiicujus
1016 4772 1074 4820 aut
1094 4757 1271 4848 provincie
1287 4760 1437 4854 Romam
1460 4749 1596 4838 nrilsus,
1625 4759 1744 4824 Roma
1760 4754 1932 4840 conveniri

319 4835 481 5016 possetqep
498 4845 634 5014 opprine
647 4843 742 4940 quod
753 4847 787 4918 in
797 4847 969 4945 provincia
983 4855 1175 4929 conuenire
1201 4857 1338 5024 Eidem
1354 4851 1415 4934 ltac
1428 4877 1522 4950 parte
1535 4853 1775 4944 constituiupr,
1789 4849 1815 4926 st
1828 4859 1860 4937 in
1877 4845 1936 4939 sua

458 4966 509 5012 m
559 4991 567 5016 .
1851 4977 1933 5050 pro.
