4724 5930
1966 227 2020 316 ἓν.

1951 316 2023 373 ,κήκ
2036 342 2056 357 ,ς

1997 373 2050 449 ³³,

2054 449 2066 465 ἱ

1865 30 1872 48 ¹·
1957 0 2069 97 *xx
2308 11 2350 66 ἦ

1651 74 1662 99 ¹
1876 64 1903 134 *tp
1935 77 1936 85 ¹
2066 75 2068 80 ¹
2223 109 2227 116 '
2282 80 2350 185 ⁴agpl

1586 190 1590 199 ·
1633 209 1661 242 ι’
1682 215 1700 236 θ’
1722 243 1725 251 ,
1932 207 1956 240 N
2106 197 2133 222 ⁸⁸
2246 205 2250 212 “

1611 263 1656 334 2⁶*
1695 255 1751 333 'tn
2066 299 2090 336 *a
2133 222 2244 318 Χ
2310 297 2314 306 '

1601 345 1631 386 .·
1699 343 1715 386 r
1764 354 1836 399 ·,·¹
2087 253 2350 428 ..ὲ

1599 400 1610 429 .“
1642 407 1663 442 ,ι
1698 387 1735 436 ⁸0.
1809 385 1869 452 ὀὐ
2192 395 2199 430 ¹.

2066 464 2071 473 .
2183 461 2211 492 ἀ
2288 460 2350 631 ,b

563 457 574 480 ι
1630 433 1674 488 ⁸..
1710 447 1725 484 ῃ
1761 433 1772 454 ⁰
1798 457 1837 490 Ἢ

431 529 491 600 nt
516 524 965 606 srtrutrrronraus,
994 525 1091 592 rrrr.
1116 519 1250 593 cort.
1276 519 1446 590 tuest.
1468 477 1837 628 scavqatoeftpj
1876 543 1919 612 2,
2204 597 2214 608 ,

311 649 391 712 mot
405 649 443 698 ut
461 625 650 699 ostendam.
676 621 835 697 Facelstnt
851 617 991 720 proinde
1006 619 1047 694 ab
1060 615 1121 692 bac
1150 625 1235 720 Reg.
1253 620 1561 712 interpretationes,
1583 615 1679 714 quali
1703 607 1820 720 ealr'lit'
1833 621 1922 709 acgi-
2241 629 2249 638 ·
2274 613 2308 682 Ι

310 726 428 826 pienda
443 723 485 798 de
499 719 658 823 exscripto
673 751 710 796 et
726 728 777 796 ori
801 721 899 794 inali:
926 728 961 792 δι
975 717 1016 792 stc
1031 715 1156 795 facessat
1171 723 1262 791 anxia
1277 717 1329 792 illa
1343 715 1517 814 inquisitio
1527 717 1666 798 rutrum
1679 717 1748 790 laaec
1762 721 1808 793 R.
1824 719 1920 792 obri.

311 849 387 900 neat
400 829 434 897 in
451 829 557 922 prima
571 819 746 922 scriptione
763 751 815 896 lagu
832 820 982 923 originali
1000 871 1011 900 ,
1036 845 1115 892 eum
1130 817 1325 916 apertilsrme
1339 845 1374 890 ea
1393 818 1434 890 de
1448 820 1490 890 eo'
1516 809 1580 891 stt.

360 927 423 998 His
434 929 478 996 ita
490 925 673 998 constitutis
686 929 753 1016 jam
767 921 892 1020 liquet,
909 922 962 993 ani
975 921 1035 993 bac
1049 918 1071 1000 l,
1086 918 1128 993 de
1141 919 1234 992 nudo
1246 945 1358 992 errore
1371 913 1426 991 seu
1439 941 1577 1016 peccato
1591 920 1678 990 circa
1691 911 1919 1012 transcriptio-

310 1038 390 1098 nent
400 1023 581 1096 verborum
596 1021 835 1120 stipulationis,
851 1021 912 1092 illae
925 1047 943 1090 a
957 1021 1147 1092 contradus
1163 1015 1354 1094 substantia:
1372 1029 1484 1108 Quare
1502 1045 1573 1092 non
1586 1020 1729 1114 pertinet
1745 1019 1814 1090 laec
1830 1022 1917 1132 Reg.

309 1124 350 1196 ad
367 1123 553 1195 fimulatnm
565 1126 842 1200 instrumentum,
867 1120 909 1192 de
921 1147 992 1216 quo
1000 1119 1148 1216 alioquin
1163 1118 1339 1208 attitulas
1358 1119 1517 1196 Codicis:
1546 1119 1834 1218 Plnsvtlereqntd
1844 1145 1919 1216 agr-

309 1247 365 1296 tur
375 1251 473 1323 quant
485 1226 570 1322 qnod
574 1209 722 1320 simulate
736 1221 826 1294 tanti
846 1219 940 1292 itur.
957 1222 1040 1291 Non
1053 1220 1194 1314 pertinet
1207 1219 1249 1290 ad
1261 1221 1521 1292 instrumentum·
1533 1219 1583 1291 vel
1598 1217 1828 1314 testamentum
1850 1217 1917 1290 salsa

307 1317 496 1420 suspedlum
515 1321 652 1422 (dequo
667 1323 814 1417 alioquin
823 1245 892 1394 boc
906 1314 977 1415 ipso
990 1316 1076 1392 libro
1090 1317 1215 1416 aliquid
1228 1345 1245 1392 e
1270 1321 1295 1388 lt
1308 1319 1450 1392 Scaevola
1464 1325 1507 1391 l.r
1519 1347 1575 1414 35.
1586 1318 1684 1416 infin.
1698 1327 1744 1393 D.
1758 1319 1797 1392 lle
1813 1326 1915 1410 ΚΟ.)

309 1421 405 1518 quod
419 1426 537 1522 utique
550 1449 653 1524 genus
666 1447 735 1512 non
752 1420 792 1492 ab
805 1445 916 1492 errore
929 1414 1146 1516 proficiscitur
1160 1473 1170 1502 ,
1186 1425 1221 1489 dc
1248 1416 1445 1490 ubstantiatn·
1458 1421 1503 1490 tei
1518 1445 1557 1494 ae
1577 1418 1831 1493 fundamentum
1844 1413 1920 1490 affi-

309 1526 374 1596 cit:
400 1527 505 1612 Quia,
519 1547 557 1594 ut
572 1521 679 1596 nudus
692 1547 785 1594 error
799 1524 884 1592 cirea
903 1519 1002 1591 verba
1017 1518 1077 1590 hac
1092 1517 1115 1589 l.
1126 1516 1206 1590 nihil
1219 1518 1492 1605 noceredicitur,
1506 1521 1552 1592 ita
1564 1519 1620 1593 ubi
1636 1517 1704 1591 falsa
1716 1543 1774 1594 aut
1788 1516 1919 1592 lunula-

310 1625 411 1696 tionis
432 1615 569 1719 suspicio
587 1619 711 1700 subest,
737 1616 811 1693 sane
839 1620 879 1691 ad
901 1617 1115 1716 probationes
1143 1622 1323 1692 contrarias
1353 1617 1588 1694 recurrendum
1605 1619 1649 1692 est
1669 1621 1787 1716 (quod
1810 1615 1919 1714 ipsum

309 1722 472 1795 indicatur
483 1722 516 1796 d.
530 1727 554 1794 l.
574 1749 612 1816 ¹3
622 1749 653 1814 5.
670 1721 765 1819 quod
779 1718 820 1792 ab
832 1721 929 1812 liujus
953 1723 1038 1818 Reg.
1054 1715 1244 1792 definitione
1257 1719 1401 1792 alienum
1416 1719 1485 1792 est.
1512 1723 1595 1792 Non
1612 1721 1753 1816 pertinet
1774 1719 1919 1814 denique

309 1821 351 1894 atl
369 1823 499 1894 nudum
513 1847 659 1895 errorem
674 1819 856 1894 omissronis
871 1819 922 1890 vel
940 1822 1124 1890 Latinitatis
1142 1875 1151 1892 .
1180 1819 1273 1910 Quid
1285 1823 1406 1920 igitur?
1433 1825 1485 1891 Ut
1501 1819 1568 1892 ltaec
1581 1815 1629 1891 let
1652 1823 1786 1914 proprie
1798 1815 1922 1916 spedlap

310 1919 352 1996 ad
369 1921 604 2028 stipulationes,
645 1948 692 1993 uae
706 1943 799 1995 certo
814 1919 949 2004 ordine,
976 1914 1241 2016 solemnibusque
1254 1919 1360 1992 verbis
1376 1917 1457 1992 olim
1482 1915 1621 2004 fiebant,
1648 1916 1854 2013 stipulatione
1866 1911 1922 1989 seu

309 2023 568 2122 interrogatione
586 1947 831 2116 responsionem
847 2045 1031 2118 congruam
1046 2017 1268 2114 precedente,
1294 2041 1394 2114 atque
1414 2018 1497 2092 adeo
1521 2022 1567 2092 ita
1582 2024 1616 2090 in
1644 2016 1837 2114 scripturam
1868 2043 1922 2088 te-

310 2117 529 2220 digebantut‚
568 2121 618 2212 (in
641 2117 908 2210 transcribendis,
933 2123 1043 2218 inquit
1060 2117 1129 2199 lex,
1156 2123 1513 2192 STlPULATlONIS
1539 2123 1711 2213 VERBlS)
1740 2121 1786 2191 ita
1811 2120 1857 2192 est
1884 2141 1928 2190 ta

214 2297 238 2310 η
310 2223 509 2304 nominatim
522 2223 564 2296 de
577 2245 688 2293 errore
702 2217 839 2291 admillb
853 2247 872 2290 a
886 2217 1019 2292 librario
1038 2221 1123 2293 circa
1136 2217 1235 2290 verba
1260 2217 1493 2314 stipulationis:
1522 2218 1586 2292 five
1600 2221 1892 2316 prepolleratipnia
1909 2269 1921 2302 ,

310 2315 376 2390 save
393 2319 612 2400 inverfionis,
639 2345 743 2416 quam
765 2319 913 2396 Julianus
923 2317 1091 2424 prepostrtt'
1106 2319 1361 2422 reprebenfitnerrr
1387 2343 1504 2394 voert:
1531 2323 1605 2393 Sive
1627 2315 1853 2392 confusionisr
1877 2319 1923 2390 de

310 2415 432 2514 quibus
447 2421 662 2516 stipulationis
675 2417 783 2490 verbis
798 2425 834 2490 dt
847 2413 1007 2517 scriptura
1019 2415 1135 2516 paffim
1148 2417 1215 2492 lroc
1227 2417 1314 2516 libro
1329 2422 1396 2520 egit
1404 2419 1568 2493 scaevola:
1594 2417 1669 2494 vide
1681 2420 1713 2491 d.
1728 2423 1751 2494 l.
1774 2445 1811 2514 13
1820 2446 1852 2512 5.
1872 2429 1919 2493 D.

308 2517 348 2590 de
366 2527 404 2590 V.
423 2525 503 2593 0.1.
521 2547 601 2594 roz.
616 2525 645 2600 §.
660 2545 692 2592 2.
714 2527 761 2594 D.
774 2519 916 2613 desolat.
931 2523 955 2592 l.
973 2529 1055 2615 μ).
1068 2514 1252 2591 ’ναανκνεπι
1265 2519 1399 2593 staini.

359 2621 463 2692 Nunc
489 2623 591 2722 igitur
605 2618 752 2692 'tandm
778 2617 968 2720 fingamus,
994 2617 1164 2692 librarium
1193 2619 1446 2714 promissionem
1472 2619 1669 2718 stipulationi
1695 2615 1919 2708 antevenisse,

333 2717 491 2792 ‘remisisse
509 2773 517 2802 ,
543 2721 596 2794 vel
611 2724 709 2792 etiam
724 2723 856 2816 penitus
879 2713 1040 2792 omisisse?
1063 2721 1129 2792 Hie
1152 2745 1245 2792 error
1260 2747 1329 2792 non
1347 2719 1505 2802 nocebit,
1532 2728 1554 2794 l.
1571 2747 1633 2792 nort
1642 2725 1780 2822 figura,
1806 2729 1854 2793 D.
1883 2726 1948 2816 dr,

308 2739 355 2890 l).
375 2830 415 2900 ὠ»
429 2827 479 2892 A.
493 2823 515 2894 l.
529 2818 613 2894 Μ.
628 2823 666 2892 de
681 2822 823 2892 contrait.
843 2819 953 2922 stipas.
967 2825 989 2891 l.
1004 2818 1099 2893 Titia
1113 2869 1124 2897 ,
1151 2825 1177 2897 §-
1188 2843 1261 2920 prn.
1278 2829 1323 2894 D.
1343 2823 1383 2892 de
1396 2829 1437 2894 V.
1465 2829 1507 2893 Ο.
1532 2819 1595 2892 Vel
1616 2818 1704 2918 linge
1731 2825 1827 2916 (qun
1842 2845 1921 2891 veta

308 2913 406 3008 hujus
422 2923 507 3018 Reg.
525 2915 644 3014 species
660 2920 814 3010 videtur)
842 2919 1013 2990 librarium
1027 2913 1255 3010 fidejullbriam
1269 2917 1505 3020 obligationem
1520 2915 1631 3013 primo
1650 2918 1728 2991 loco
1754 2913 1892 3014 posuillr'e
1908 2921 1921 3004 ,⁸

309 3013 362 3084 vel
384 3017 483 3086 etiam
500 3013 657 3090 inclusisse
670 3020 767 3087 unita
781 3015 978 3096 formula&
996 3014 1106 3086 verbis
1123 3039 1215 3088 teum
1244 3016 1458 3112 principalem
1476 3024 1523 3088 ·&
1552 3010 1793 3108 fflejursuremr
1820 3021 1922 3091 Error

308 3109 363 3184 hic
380 3108 434 3185 seu
463 3121 582 3188 vitium
599 3141 660 3222 pra
683 3114 773 3208 alleri
790 3137 884 3215 ,Uaut
904 3113 1088 3208 cumulatio
1111 3110 1366 3212 verborumrseu
1388 3111 1554 3214 scripture
1573 3115 1654 3189 nibil
1673 3115 1832 3203 nocebit,
1848 3147 1926 3219 qne

309 3211 416 3284 minus
435 3223 475 3297 cp
492 3244 564 3288 reus
581 3227 619 3301 ci·
662 3215 796 3308 dejuffnr
820 3239 983 3288 terrentur.
1010 3217 1167 3290 Vitium,
1192 3219 1228 3286 δέ
1242 3215 1377 3312 quidem
1390 3217 1598 3312 preposteri,
1626 3214 1929 3291 alibratioadtnis-

308 3305 382 3382 sum
403 3339 474 3384 non
500 3317 592 3388 vitiat
615 3314 878 3411 stipulationemi
904 3339 977 3385 non
996 3315 1164 3384 imminuit
1187 3316 1231 3384 tei
1248 3311 1509 3414 obligationem,
1534 3314 1586 3388 vel
1607 3321 1706 3390 etiam
1731 3314 1920 3411 fidejussoris

308 3409 485 3486 immutat:
512 3411 727 3508 fidejussoris,
751 3418 913 3512 inquam,
939 3411 981 3486 de
995 3437 1067 3510 quo
1081 3414 1180 3486 etiam
1196 3413 1339 3486 Scaevola
1357 3413 1490 3488 duobus
1503 3437 1656 3512 praeterea
1669 3415 1750 3488 locis
1767 3419 1833 3490 hoc
1846 3414 1918 3514 ipso

250 3570 253 3576 .
305 3507 393 3586 libro
408 3515 499 3612 egit,
527 3537 607 3612 puta
622 3518 656 3588 in
674 3521 696 3587 l.
709 3525 764 3609 1⁸5.
778 3523 823 3590 D.
836 3515 874 3586 de
888 3513 953 3586 doli
966 3511 1046 3586 mali
1057 3535 1179 3616 except.
1193 3518 1327 3588 nont).
1338 3515 1631 3611 defrdq‘uffrribttr.
1657 3515 1764 3596 Gtaeci
1780 3513 1800 3586 s
1791 3521 1919 3614 peciem

307 3633 441 3704 ponunt
468 3612 680 3700 inlibtatio,
706 3619 765 3712 qui
779 3613 994 3711 principalem
1020 3611 1236 3707 fidejussorem
1266 3619 1420 3700 vocavit,
1447 3621 1482 3686 δι
1497 3623 1603 3689 reiro.
1630 3621 1671 3688 Et
1698 3615 1766 3687 hec
1781 3617 1918 3713 quidem

310 3709 420 3804 (quod
433 3712 532 3806 hujus
544 3712 567 3786 l.
579 3718 754 3812 proprium
776 3715 833 3808 est)
850 3713 891 3784 de
904 3713 1017 3788 'errore
1031 3708 1084 3784 seu
1100 3737 1238 3812 peccato
1252 3712 1372 3786 librarii
1386 3719 1421 3786 in
1438 3711 1689 3789 transcribendis
1703 3715 1916 3811 stipulationis

249 3855 252 3860 ·
307 3808 446 3983 verb'p).
473 3817 526 3886 De
544 3813 736 3907 Testamenti
753 3817 843 3887 enirn
857 3807 1042 3909 scriptura,
1069 3820 1104 3886 ἀ
1118 3841 1229 3886 errore
1243 3816 1278 3886 in
1287 3841 1327 3886 eo
1340 3810 1504 3895 admisso,
1531 3815 1716 3912 &quidem
1732 3843 1751 3886 a
1766 3817 1918 3892 testatore
2045 3821 2054 3836 '

307 3903 379 4004 ipso
431 3916 526 3985 ttein
541 3907 680 4008 syllaba,
698 3915 742 3986 est
755 3907 899 4008 ejusdem
914 3910 1062 3986 scevolae
1075 3913 1130 3986 lib.
1144 3944 1180 4004 4.
1197 3909 1448 4010 Responsotum
1462 3919 1515 3986 lex
1529 3939 1588 4008 54.
1608 3925 1652 3988 D.
1666 3916 1853 3991 demnatum.
1868 3943 1917 3990 te·
1994 3947 2001 3978 ¹

300 4005 397 4098 stam.
408 4037 511 4109 quam
524 4011 602 4088 huic
618 4011 772 4086 nonnulli
783 4009 868 4085 male
882 4013 1294 4111 conjungendamssnotant:
1303 4012 1353 4086 vel
1367 4041 1386 4084 a
1401 4011 1574 4087 tabellione
1594 4009 1646 4088 seu
1660 4012 1916 4114 libratimquem

308 4109 578 4202 testamentarium
592 4117 727 4212 proprie
740 4111 931 4200 vocabant,
958 4139 995 4184 ac
1011 4116 1210 4188 nominatim
1226 4165 1237 4198 ,
1254 4135 1367 4185 utrum
1382 4113 1534 4186 ibiertor
1548 4115 1731 4212 praeposteri
1746 4115 1786 4188 ab
1801 4143 1841 4188 eo
1857 4115 1924 4190 ad--
2009 4197 2013 4202 ,

309 4203 420 4280 missus
435 4235 567 4298 noceat,
581 4211 707 4312 dequo
721 4204 863 4286 videnda
876 4215 928 4285 lex
941 4239 1043 4284 errore
1056 4241 1092 4304 7.
1108 4219 1130 4288 l.
1145 4213 1380 4316 ambiguitates,
1393 4217 1416 4285 l.
1424 4215 1609 4318 preposteri‚
1623 4217 1700 4288 Cod.
1717 4217 1755 4287 dt
1769 4217 1912 4310 testanti,
2025 4271 2029 4276 -

311 4333 346 4397 9·
358 4311 388 4386 §-
403 4337 433 4402 3.
450 4337 483 4404 5.
499 4325 533 4386 6.
545 4323 591 4388 D.
604 4312 835 4406 dehered.inst.
853 4312 921 4388 vid.
939 4313 1127 4387 &Surdum
1140 4315 1224 4406 confi
1244 4339 1323 4405 129.
1339 4341 1429 4388 num.
1444 4341 1473 4386 1.
1491 4343 1522 4387 2.
1543 4343 1573 4408 3.
1589 4327 1658 4399 (irc.
1687 4320 1738 4388 De
1751 4315 1816 4390 alio
1839 4339 1915 4388 tan-

215 4408 220 4418 '
309 4405 387 4478 dem
399 4415 519 4483 erroris
532 4439 647 4513 genere
666 4414 711 4488 est
730 4412 810 4486 illud
822 4419 1056 4510 interpretum,
1072 4410 1182 4488 falsam
1190 4416 1446 4490 Grammaticam
1463 4413 1661 4509 stipulationi
1674 4414 1725 4486 vel
1741 4417 1913 4488 testamen-

309 4527 347 4578 to
360 4533 431 4580 non
447 4505 601 4584 officere.
617 4508 775 4586 taceffint
791 4513 881 4584 hinc.
890 4509 1033 4610 proinde
1054 4520 1121 4610 jam
1135 4517 1353 4612 interpretum
1367 4512 1610 4588 nonnullorum
1633 4515 1675 4587 ad
1691 4516 1775 4588 hanc
1789 4515 1812 4588 l.
1826 4518 1914 4588 varia

307 4631 525 4696 commenta,
550 4637 592 4682 an
607 4613 868 4685 commentarii?
1895 4625 1899 4635 ”

331 4689 346 4714 ⁸
359 4711 490 4790 Nititur
502 4736 607 4807 porro
621 4711 690 4784 hec
704 4705 844 4808 specialis
857 4715 943 4812 Reg.
962 4713 1102 4814 generali
1115 4713 1168 4788 illa
1181 4712 1246 4792 live
1256 4721 1343 4816 Reg.
1361 4711 1426 4787 live
1441 4719 1595 4802 tatione,
1620 4713 1716 4812 quod
1728 4719 1761 4789 in
1776 4737 1913 4790 contra-

308 4805 416 4883 stibus
433 4812 611 4985 repverins
623 4815 736 4910 potius
751 4835 855 4910 quam
868 4808 1027 4914 scriptitta
1038 4812 1150 4915 respici
1166 4814 1301 4902 debeat,
1326 4820 1350 4892 l.
1371 4843 1401 4890 1.
1420 4819 1697 4921 conposuere
1711 4869 1726 4906 ‚
1752 4841 1826 4917 quat
1841 4845 1912 4893 non

323 4951 330 4967 ι
489 4939 551 4985 m.
564 4918 610 4986 11.
1146 4919 1181 4994 D
1798 4924 1917 4995 mutue.
