4724 5930
582 245 587 258 .
627 215 688 304 ,²ss
712 204 784 322 ἰ...
919 255 963 338 Δ)
1080 249 1086 262 .

758 335 815 374 e't

417 582 492 646 m·
635 619 642 636 .
731 503 1791 648 fulcouteobuoruuor··

248 747 250 756 Α
387 663 437 732 ,1.
460 683 489 726 1.
512 683 566 754 17.
586 639 633 730 D.
650 654 689 726 de
703 639 854 754 qieesiin.
871 661 893 728 l.
916 684 947 726 2.
971 681 1025 748 30.
1036 645 1252 758 Dtdnefalſss,
1279 661 1307 735 §'.
1323 655 1400 728 item
1415 656 1489 748 Iasi.
1505 657 1543 726 de
1553 656 1640 758 pules.
1646 655 1759 745 judic.
1774 659 1897 754 Neque
1906 679 2017 734 tamen

393 754 480 828 'haec
494 757 606 830 nostra
622 755 663 841 ad
678 781 733 848 eas
748 751 864 851 species
878 759 1040 852 pertinet,
1065 779 1150 852 „quas
1164 763 1361 852 Interpretes
1377 751 1506 827 turbide
1520 750 1755 840 commiscent,
1781 783 1897 829 vetum
1914 763 2016 854 petti-

129 868 133 878 '
229 847 303 918 ·“
410 880 516 932 netca
537 856 579 930 ad
594 856 801 947 Judice'orum
817 855 960 929 formam
973 853 1222 952 formulamque
1243 863 1279 926 δι
1298 853 1483 952 processum
1498 857 1724 949 judiciarium,
1750 883 1792 929 eo
1810 854 1949 942 scilicet,
1980 883 2016 932 ut

413 957 601 1034 ostendatur
616 961 701 1030 inter
717 955 777 1028 alia
791 959 825 1028 in
842 953 968 1028 liberali
976 937 1133 1054 jpdicidji
1148 953 1203 1030 seu
1217 954 1311 1028 causa
1325 957 1447 1042 slatus,
1463 953 1595 1054 paribus
1608 957 1685 1027 ltine
1699 954 1775 1028 inde
1788 957 1957 1050 judicum,
1973 957 2017 1032 su·

412 1084 453 1130 ve
468 1064 778 1154 Recupetatorum‚
806 1051 992 1140 sententiis,
1011 1045 1200 1142 ssee'tindum
1216 1054 1399 1130 libertatem
1421 1058 1501 1130 dari
1521 1060 1543 1126 i.
1568 1083 1597 1154 e.
1623 1055 1777 1148 judicari.
1802 1060 2017 1152 pronunciari

413 1182 583 1254 oportere:
610 1155 705 1252 quod
718 1155 864 1252 alioquin
880 1156 979 1228 tlocet
992 1159 1045 1226 'lea
1058 1154 1240 1258 inier'pares
1258 1163 1313 1250 38.
1326 1167 1370 1231 D.
1379 1161 1417 1232 de
1428 1158 1544 1249 rejud.
1558 1161 1582 1229 l.
1598 1181 1740 1260 antepen.
1761 1165 1880 1248 247D.
1893 1161 1931 1228 de
1944 1187 2018 1230 ma-

413 1285 502 1330 rtum.
520 1259 652 1353 Nempe
668 1254 797 1328 libertas
811 1255 1021 1328 favorabilior
1034 1253 1102 1340 est,
1129 1264 1164 1326 δι
1179 1255 1241 1328 hac
1256 1273 1368 1352 parte,
1382 1253 1534 1332 adversus
1550 1255 1714 1355 Regulam
1729 1259 1837 1341 Jutis,
1855 1283 1920 1353 qua
1932 1257 2015 1330 alio-

408 1358 497 1454 ¹quin
513 1357 645 1451 paribus
658 1382 800 1429 numero
812 1350 976 1428 sententiis
991 1380 1062 1426 rcus
1078 1349 1258 1428 absolvitur
1266 1411 1278 1443 ,
1303 1364 1327 1430 1.
1348 1357 1549 1452 125.infta‚
1563 1355 1694 1428 abhinc
1709 1359 1803 1430 tertia
1822 1361 1918 1452 (que
1930 1353 2014 1450 ejus-

333 1451 340 1484 ”
413 1455 489 1530 dem
504 1460 575 1549 Gaii
590 1457 655 1538 est,
680 1462 715 1526 δι
730 1455 865 1553 quidem
878 1482 915 1526 ex
929 1453 1046 1527 eodem
1064 1452 1150 1529 libro
1164 1453 1335 1556 desumpta
1348 1509 1358 1538 .
1383 1487 1420 1532 ae
1437 1457 1577 1555 proinde
1594 1458 1670 1528 huic
1692 1460 1833 1528 omnino
1853 1460 2015 1528 commit·

411 1555 510 1628 tenda
525 1559 614 1628 venit
626 1563 657 1650 t)
687 1551 779 1628 ficuti
795 1550 946 1628 adversus
958 1553 1122 1656 Regulam
1136 1561 1248 1638 iuris..
1273 1583 1340 1656 qua
1350 1554 1533 1654 secundum
1545 1552 1753 1654 possessorem
1768 1555 1915 1628 vindice:
1930 1556 2015 1628 dan-

413 1677 487 1736 tur,
512 1651 691 1728 secundum
705 1653 888 1726 libertatem
904 1677 1013 1726 tamen
1030 1655 1179 1728 vindiciae
1195 1652 1321 1754 semper
1336 1659 1471 1744 dentur,
1488 1683 1560 1756 quo
1578 1651 1598 1725 s
1613 1657 1697 1728 cetat
1709 1701 1719 1734 s
1733 1678 1771 1728 ut
1784 1655 1849 1728 dixi
1862 1710 1873 1739 ,
1887 1661 1910 1726 l.
1931 1665 2014 1732 106.

402 1753 479 1859 step.
497 1763 610 1842 Quare
623 1753 764 1828 omnilus
779 1755 868 1828 rebus
883 1747 1091 1828 favorabilior
1107 1753 1226 1830 dicitur
1239 1759 1298 1830 hec
1311 1765 1334 1832 l.
1354 1759 1508 1846 libertas,
1535 1681 1682 1851 residebis
1709 1755 1828 1828 scilicet
1856 1781 2015 1842 reorum,

412 1880 560 1950 quorum
574 1853 632 1928 etsr
649 1883 789 1957 magnus
802 1855 949 1951 alioquin
964 1857 998 1926 itt
1013 1859 1085 1947 jure
1098 1853 1263 1945 judiciove
1278 1858 1372 1930 savos
1391 1857 1450 1942 stt,
1464 1883 1539 1932 eum
1552 1881 1663 1940 ¹tomen
1679 1849 1786 1948 ipsum
1800 1853 1939 1927 libertati
1960 1882 2016 1926 ce·

410 1953 486 2026 dete
501 1978 652 2052 oportet:
678 1962 731 2030 De
745 1954 952 2056 religione&
968 1959 1022 2053 pie
1037 1950 1130 2028 causa
1144 1983 1187 2030 ert
1201 1955 1341 2030 libertati
1353 1957 1446 2032 cedat
1470 1983 1599 2040 necne,
1622 1955 1770 2026 videatur
1786 1957 1821 2026 P.
1837 1951 1935 2026 Faber
1956 1954 2014 2028 sib.

307 2099 311 2108 ·
416 2081 449 2128 2.
467 2067 554 2127 deme
598 2083 694 2131 .21.‘

461 2159 524 2226 His
538 2055 686 2230 iiirree'te
701 2131 836 2252 politis,
862 2178 1017 2252 apparet,
1045 2180 1113 2226 non
1125 2152 1214 2253 posse
1228 2155 1312 2231 ltsnc
1329 2161 1375 2230 R.
1393 2155 1503 2230 referri
1518 2157 1557 2229 ad
1574 2152 1728 2233 titulum,
1754 2154 1792 2225 de
1806 2152 2016 2254 Receptisque'

409 2251 607 2339 arbitrium,
634 2283 706 2352 quo
720 2255 769 2329 lex
782 2251 929 2352 superior
944 2251 1125 2352 speslabat:
1150 2255 1247 2353 quod
1258 2262 1416 2350 anacius
1433 2257 1597 2330 tentabat:
1623 2253 1680 2327 etsr
1693 2253 1735 2328 de
1748 2281 1790 2326 eo
1815 2259 1935 2345 Gajum
1949 2253 2016 2328 hoe
2088 2287 2091 2299 ·

409 2350 495 2425 libro
511 2353 605 2454 egisse
620 2355 760 2428 ostendit
774 2362 826 2427 sex
843 2366 874 2429 6.
892 2383 949 2430 20.
969 2383 982 2448 3
991 2382 1024 2447 5.
1039 2363 1087 2430 D.
1102 2358 1168 2428 cod.
1184 2355 1238 2428 eir.
1252 2356 1344 2454 quast
1358 2359 1455 2450 hujus
1471 2362 1556 2458 Reg.
1574 2357 1642 2430 hee
1655 2350 1811 2428 sententia
1825 2354 1885 2434 stt,
1912 2352 1953 2423 de
1977 2352 2015 2424 li-

411 2451 510 2526 betali
525 2451 619 2526 causa
631 2483 699 2528 non
711 2451 801 2554 posse
814 2457 1045 2552 compromitti
1059 2459 1093 2530 in
1110 2457 1302 2542 Arbitrum,
1328 2462 1407 2554 quia
1421 2453 1516 2528 favor
1536 2459 1690 2528 libertatis
1705 2451 1830 2535 hiesu,
1856 2475 1892 2524 ut
1907 2457 2016 2545 majo·

411 2577 462 2624 res
475 2551 596 2644 judices
608 2555 725 2630 habete
737 2555 871 2634 debeat,
895 2561 918 2630 s.
939 2585 994 2652 32·
1011 2561 1040 2634 §.
1059 2585 1093 2646 7.
1108 2557 1172 2628 eod.
1187 2555 1240 2629 tit.
1255 2557 1294 2628 de
1316 2553 1466 2658 receptis.
1493 2563 1661 2647 Majores.
1686 2557 1848 2650 inquam,
1873 2551 2015 2644 judices,

408 2651 444 2724 id
459 2653 503 2724 est
515 2655 666 2750 publicos
682 2653 971 2754 compromissiriis
983 2661 1124 2750 majores
1139 2709 1148 2729 .
1175 2659 1259 2728 Non
1273 2659 1411 2752 iuquam
1425 2654 1494 2726 hec
1508 2649 1625 2752 species
1641 2651 1716 2724 huic
1732 2659 1815 2752 Reg.
1829 2653 1931 2748 aptari
1956 2649 2016 2722 de-

408 2749 486 2826 bet:
512 2757 620 2854 agitur
632 2757 720 2828 enim
738 2757 791 2829 hic
803 2757 844 2829 de
855 2755 1010 2862 precipue
1017 2759 1135 2852 favore
1149 2753 1304 2832 libertatis
1312 2781 1373 2861 pte
1384 2753 1461 2830 aliis
1472 2753 1576 2844 rebus,
1592 2779 1662 2828 non
1675 2753 1719 2832 de
1729 2755 1888 2853 gravitate
1915 2749 2001 2823 libe·

411 2851 484 2924 ralis
498 2853 632 2944 judicii,
659 2855 717 2932 etsr
733 2864 768 2928 &
783 2857 849 2930 hoc
864 2857 1012 2932 savorem
1028 2882 1190 2932 meretur.

459 2949 661 3026 Probabilius
673 2953 771 3030 altera
785 2983 924 3056 quoque
939 2949 1056 3056 species
1072 2958 1147 3030 huic
1162 2962 1247 3056 Reg.
1264 2960 1369 3054 aptari
1382 2955 1498 3054 possit,
1524 2959 1558 3030 in
1574 2955 1713 3054 trasbatu
1739 2949 1781 3026 de
1785 2949 1926 3043 judiciis
1939 2976 1947 3020 t
1972 2947 2017 3021 li·

408 3047 529 3124 bertari.
540 3055 689 3129 videlicet
702 3061 736 3130 in
750 3081 880 3132 tanturn
895 3059 996 3132 faveri
1010 3107 1019 3141 ,
1044 3082 1081 3132 ut
1096 3083 1174 3132 cum
1188 3055 1377 3158 regulariter
1390 3052 1500 3130 servus
1515 3083 1594 3130 cum
1608 3057 1749 3128 dontino
1761 3049 1934 3126 consistere
1944 3075 2016 3122 eron

407 3151 528 3248 possit,
546 3153 569 3228 st
585 3155 767 3232 libertatem
780 3157 839 3232 fibi
851 3159 995 3252 vindicet
1011 3163 1126 3256 utique
1140 3157 1238 3254 pollis
1249 3213 1261 3244 ,
1272 3163 1297 3231 l.
1315 3168 1437 3252 53.-.D.
1454 3159 1491 3230 de
1494 3156 1606 3248 judic.
1620 3161 1643 3228 s.
1658 3183 1692 3244 9.
1710 3164 1757 3228 D.
1772 3157 1810 3226 de
1824 3153 1924 3241 injus
1937 3175 2016 3222 voc.

408 3251 433 3324 l·
450 3283 508 3344 44.
520 3251 573 3328 D.
591 3257 630 3327 de
636 3257 836 3350 fideicomm.
849 3259 952 3330 libert.
966 3259 1116 3331 Tandem
1134 3258 1281 3357 generale
1297 3263 1465 3331 monitum
1479 3257 1562 3331 istud
1575 3253 1635 3329 else
1650 3255 1836 3328 notandum
1865 3251 1931 3335 est,
1962 3243 2015 3321 scu

409 3353 593 3452 generalem
606 3353 805 3440 formulam,
816 3359 911 3452 quod
923 3355 1073 3447 judicum
1088 3360 1204 3430 anitnis
1220 3353 1384 3446 obuersati
1400 3353 1525 3452 semper
1538 3379 1692 3452 oportet,
1710 3358 1757 3426 uti
1772 3353 1861 3424 norit
1875 3354 1909 3422 in
1927 3375 2010 3420 con·

410 3447 507 3522 cursu
522 3460 556 3522 bc
576 3453 733 3526 conflictu
747 3454 884 3528 aliarum
900 3483 1010 3530 rerum
1024 3483 1102 3529 cum
1114 3453 1262 3528 libertate
1275 3509 1286 3540 ‚
1299 3455 1394 3548 hujus
1407 3483 1466 3528 ceu
1481 3455 1666 3528 favorabilis
1684 3457 1822 3526 maxime
1846 3453 2014 3543 potiorem

315 3593 318 3600 ·
408 3543 537 3646 semper
551 3549 734 3626 habendam
749 3552 808 3628 esse
823 3560 984 3630 rationem
999 3555 1056 3628 stbi
1069 3560 1105 3630 in
1119 3553 1270 3650 judiciis.
1286 3552 1455 3651 Perspeeta
1469 3553 1511 3628 stc
1527 3556 1625 3647 hujus
1638 3553 1660 3626 l.
1673 3554 1814 3654 genuina
1829 3545 1951 3643 specie,
1966 3545 2016 3616 sa-

410 3647 471 3722 cile
484 3647 636 3746 deinceps
649 3655 711 3722 erit
723 3649 848 3754 legibus
864 3653 1052 3756 inspeciem
1065 3652 1308 3758 pugnantibus,
1334 3681 1416 3756 quas
1430 3654 1485 3730 hic
1501 3653 1674 3728 Accurlius
1687 3649 1854 3726 cumulat,
1880 3643 2015 3739 respon-

410 3745 508 3820 dete.
537 3749 687 3823 Tandem
702 3779 738 3825 ex
752 3755 811 3830 hac
824 3761 1100 3858 interpretatione
1114 3759 1223 3830 nostra
1236 3755 1558 3868 deincepsqliquebit,
1583 3756 1667 3830 hauc
1688 3753 1710 3828 l.
1735 3749 1824 3826 velut
1844 3745 1886 3820 ad
1905 3739 2017 3815 servos

409 3851 649 3950 pertinentem,
673 3880 745 3930 non
757 3856 834 3933 ideo
848 3861 1006 3960 preteriti
1018 3885 1039 3936 e
1050 3858 1219 3936 nonnullis
1233 3859 1434 3959 oportuisse.

1660 4199 1663 4206 ι
1686 4152 1704 4190 J
