4724 5930
326 478 330 486 ’
466 537 513 598 m
628 513 1704 618 ·„t›tncourcornorutor

437 693 440 700 .
463 625 601 726 longum
618 615 781 700 seriem&
796 630 1013 723 congeriem,
1034 627 1108 700 lene
1135 653 1200 699 vox
1216 653 1279 725 pro
1292 626 1511 704 conclusione
1529 638 1652 726 apponi
1678 627 1779 706 solet.
1830 638 1966 712 misnae
1990 637 2066 713 disi.

462 731 484 796 s.
506 753 584 822 ¹39·
611 726 816 820 temporarie
843 725 989 796 aulones
1009 721 1108 798 semel
1124 725 1248 820 judicio
1264 723 1415 813 inclusae,
1442 731 1476 802 id
1505 731 1575 816 est,
1596 729 1657 804 lite
1680 727 1777 804 semel
1800 737 2005 822 contestata,
2031 742 2066 813 in

461 846 572 896 tutum
589 823 691 923 redigi
707 822 891 908 dicuntur,
917 824 1028 910 idest,
1055 820 1147 894 salvae
1160 851 1350 922 permanere
1365 835 1399 898 δι
1414 832 1622 924 perpetuari.
1671 859 1710 926 3.
1733 833 1826 904 Hinc
1843 835 1985 928 poenelia
2010 841 2064 929 ju·
2195 861 2201 876 ·

459 923 544 997 dicia
558 913 653 996 semel
671 944 829 1018 accepte„
855 921 945 996 idest
959 921 1016 996 lite
1031 921 1127 996 semel
1142 927 1320 998 contestata
1332 930 1367 998 in
1379 926 1511 1000 heredes
1524 923 1701 1006 transmitti
1713 928 1870 1004 dicuntur
1893 935 1926 1004 d.
1940 939 1964 1007 1.
1982 945 2066 1028 164.

458 1033 541 1112 Quo
556 1024 721 1118 pertinent
735 1026 835 1094 etiam
851 1019 904 1096 illa
917 1021 1025 1096 verbis
1039 1022 1119 1123 legis
1140 1029 1198 1114 87.
1218 1053 1258 1096 ex
1271 1025 1413 1104 omnibns
1423 1031 1545 1123 causis,
1570 1025 1603 1100 id
1632 1027 1677 1097 est
1697 1033 1803 1101 etiam
1826 1033 1861 1102 in
1879 1030 2063 1126 poenalibus

456 1120 561 1198 ceusu
579 1128 619 1194 ἀ
633 1117 813 1194 maleficiis.
842 1127 882 1194 Et
904 1121 976 1194 nec
991 1122 1127 1218 quidem
1142 1127 1274 1198 interim
1288 1147 1434 1222 quet-nor
1453 1127 1493 1198 de
1514 1125 1829 1202 litiscontellatione
1857 1129 2063 1229 Regularum

456 1217 512 1296 seu
527 1221 638 1322 legum
656 1220 728 1292 hoc'
751 1219 849 1294 titulo
863 1224 1140 1296 concordantium
1154 1223 1308 1319 Synopfis
1323 1225 1468 1296 notanda
1483 1226 1547 1297 est.
1575 1230 1680 1298 Mitto
1693 1253 1783 1308 nunc
1794 1225 1968 1328 singulares
1980 1230 2062 1306 elios

456 1347 496 1394 ex
508 1317 788 1420 aliislegibuslitis
807 1321 991 1394 contestatae
1009 1317 1141 1394 effeetus
1160 1321 1336 1423 colligere,
1363 1325 1421 1418 qui
1438 1329 1538 1419 repeti
1560 1321 1693 1422 possunt
1707 1351 1745 1396 ex
1757 1331 1780 1397 l.
1800 1353 1835 1398 2.
1851 1331 1947 1419 Μ.
1959 1361 1995 1421 4.
2007 1339 2059 1405 D.

326 1489 332 1500 .
457 1423 496 1496 de
509 1418 642 1513 usserit,
666 1422 689 1490 s.
706 1423 778 1508 9.§.
795 1422 1022 1511 udejarejnr.
1037 1424 1060 1492 l.
1077 1429 1109 1493 6.
1125 1425 1156 1499 §-
1176 1426 1236 1495 ust.
1263 1425 1302 1496 de
1318 1420 1405 1518 inoffi
1421 1423 1486 1516 test.
1501 1427 1525 1496 s.
1543 1453 1603 1516 40.
1619 1424 1658 1495 de
1669 1423 1762 1526 petit.
1777 1425 1880 1498 hered.
1894 1431 1917 1498 l.
1934 1426 2011 1498 item
2030 1431 2062 1523 fi
2118 1491 2123 1502 .

461 1547 475 1594 ι
484 1549 518 1616 5.
534 1526 564 1600 δ’.
578 1525 637 1591 ult.
652 1529 693 1602 φ
704 1523 726 1592 l.
739 1518 807 1619 seq.
823 1520 860 1594 de
873 1519 921 1593 rei
933 1517 1093 1593 vindicat.
1109 1516 1132 1592 Ι.
1143 1525 1176 1594 8.
1189 1525 1227 1594 de
1238 1521 1426 1608 mxatibus,
1442 1527 1501 1619 sſs
1509 1521 1655 1628 pleribus
1667 1550 1723 1618 33.
1740 1523 1846 1620 infin
1856 1527 1899 1596 -de
1913 1531 2008 1625 legat.
2027 1553 2058 1600 r.

455 1625 480 1696 s.
496 1649 532 1711 9.
552 1617 833 1714 epistimin»
845 1625 910 1712 84.
924 1621 962 1694 de
977 1621 1100 1695 verbm
1118 1621 1245 1724 ohligt.
1264 1652 1294 1695 2.
1308 1623 1347 1694 de
1361 1621 1478 1694 asurim
1492 1621 1574 1708 reis,
1599 1628 1621 1696 s.
1634 1626 1713 1718 uest
1724 1621 1780 1695 cui
1796 1651 1856 1698 12.
1872 1625 1911 1697 de
1925 1635 1965 1699 V.
1980 1638 2014 1699 S.
2031 1629 2057 1704 l.

459 1723 493 1798 8.
507 1731 556 1799 D.
575 1721 612 1798 de
624 1721 811 1826 cumpenfirt.
832 1725 863 1796 l.
880 1751 915 1813 4.
940 1732 975 1798 C.
990 1723 1028 1794 de
1038 1721 1074 1794 in
1079 1725 1140 1813 jeu
1156 1750 1229 1798 reor.
1249 1729 1285 1794 &
1313 1720 1492 1795 similibus.
1879 1752 1883 1756 ·
2050 1813 2055 1820 ι

505 1828 547 1896 Et
564 1823 593 1896 ei
619 1843 731 1893 temen
750 1822 844 1918 quod
870 1823 1017 1906 dicitur,
1042 1819 1213 1894 meliorem
1231 1823 1350 1894 actoris
1373 1820 1514 1916 perlitis
1537 1823 1809 1898 contestationem
1830 1823 2060 1902 conditionem

454 1917 548 2008 sieri,
574 1919 706 1994 additur
718 1971 728 2000 ,
740 1919 775 1992 id
788 1925 833 1994 ita
860 1925 1157 2008 PLERUMQUE
1165 1917 1230 2011 „resse
1245 1951 1254 1996 ι
1270 1921 1541 2016 (ιιιοὲηάἰτιιιιτ,
1560 1950 1630 1994 non
1647 1921 1771 2019 semper
1785 1924 1956 1996 meliorem
1972 1923 2058 2002 fieri.
2147 1931 2149 1934 ’

453 2025 496 2094 Et
509 2043 684 2094 certecum
698 2047 768 2092 non
801 2023 846 2092 est
875 2047 944 2116 quo
971 2018 1089 2092 melior
1106 2013 1190 2093 effici
1203 2018 1301 2116 pollit
1319 2075 1329 2104 ,
1353 2023 1388 2092 in
1405 2021 1521 2093 eodem
1537 2018 1648 2094 saltem
1665 2025 1746 2095 statu
1760 2024 1878 2095 actoris
1909 2024 2059 2098 conditio

452 2143 622 2194 remanet.
651 2125 692 2190 Et
716 2148 739 2192 o
753 2119 949 2216 plerumque
971 2119 1088 2190 melior
1106 2115 1265 2192 efficitur.
1293 2123 1428 2214 Arenim
1449 2119 1591 2194 deterior
1604 2147 1796 2220 uunquam:
1822 2149 1890 2220 qua
1912 2119 2006 2200 cauti
2021 2127 2057 2196 in

452 2223 598 2320 priores.
613 2225 671 2292 86.
687 2145 809 2291 dicitur
825 2247 834 2291 ε
860 2219 1044 2308 Nonfirlere
1057 2215 1252 2292 deteriorem
1263 2219 1494 2294 conditionem
1517 2219 1603 2296 fieri:
1631 2227 1652 2295 i.
1671 2247 1845 2318 nunquam
1858 2218 1974 2296 solere:
1987 2251 2059 2300 non

452 2345 534 2399 vero
540 2323 714 2425 plerunque
727 2341 764 2394 ut
777 2313 986 2418 insuperioge
1001 2375 1013 2410 ,
1039 2343 1155 2402 tetum
1172 2315 1338 2398 absolute.
1363 2325 1415 2397 De
1430 2349 1501 2417 quo
1522 2325 1648 2408 etiam,
1677 2323 1802 2396 deuon
1832 2323 2059 2398 deterioranda

450 2421 590 2518 inquam
604 2425 741 2498 aetionis
753 2422 1107 2519 unquamconditione
1118 2447 1175 2518 per
1186 2421 1559 2506 litisconteslationem,
1584 2416 1661 2493 sunt
1675 2425 1808 2516 proprie
1820 2423 1874 2494 irae
1898 2423 1970 2495 duae
1985 2429 2056 2497 Re-

451 2521 556 2620 gulae,:
584 2516 658 2592 sunt
674 2527 707 2592 δι
728 2521 915 2619 cumplures
935 2521 1002 2594 aliae
1015 2515 1170 2594 absoluere
1196 2520 1301 2636 leges:
1328 2543 1408 2618 puta
1426 2519 1475 2592 lex
1489 2545 1524 2592 r.
1541 2529 1587 2596 D.
1603 2519 1788 2612 dejudiciie
1800 2526 1847 2604 ,1.
1862 2520 1918 2592 lite
1936 2549 1991 2614 35.
2005 2532 2055 2598 D.

355 2689 359 2698 .
449 2621 490 2694 de
503 2619 608 2714 apris
618 2674 633 2706 .,
659 2623 692 2693 d.
711 2627 732 2693 l.
747 2621 846 2700 diam
862 2649 920 2711 29.
934 2623 972 2694 de
985 2617 1181 2694 novationib.
1194 2619 1388 2712 lmnjurr'm
1407 2623 1464 2696 28.
1476 2621 1514 2690 de
1528 2618 1631 2712 r'ep'ur.
1646 2619 1714 2692 ds.
1728 2618 1764 2690 iet
1778 2620 2057 2722 compensatioum
2075 2629 2086 2636 ’

451 2723 485 2792 8.
500 2731 546 2798 D.
560 2723 598 2793 de
611 2722 764 2824 campens
779 2724 901 2815 Neque
917 2721 994 2792 huic
1008 2717 1137 2792 obstant
1147 2723 1260 2792 omnia
1274 2720 1328 2798 illa
1338 2743 1412 2818 quae
1426 2717 1527 2810 objici
1541 2715 1673 2814 possunt
1691 2717 1742 2792 uel
1758 2711 1862 2792 solent
1883 2723 1965 2792 cxl.
1995 2748 2054 2809 tp.

449 2821 583 2912 (juncta
595 2825 707 2912 1³6.)
725 2825 792 2892 &t
809 2830 869 2904 76.
885 2829 929 2893 D.
942 2817 1245 2922 deprementibus
1258 2823 1282 2890 s.
1299 2847 1330 2892 ι.
1342 2823 1401 2891 nse.
1413 2819 1451 2890 de
1461 2816 1620 2932 litigiofis‚
1644 2823 1668 2890 l.
1686 2846 1722 2906 ι.
1738 2821 1768 2896 §.
1788 2843 1848 2889 rr.
1862 2819 1900 2888 de
1908 2819 2055 2921 perulis,
2149 2819 2156 2822 ’

446 2923 470 2992 l.
486 2945 543 3010 52·
560 2917 596 2992 'in
604 2921 667 3014 fin.
682 2917 877 2990 drevillion.
892 2923 915 2990 s.
930 2921 955 3001 fi
963 2915 1108 3020 pluribus
1124 2945 1182 3010 33·
1198 2919 1338 3017 delegat.
1356 2923 1419 2991 1.l.
1426 2923 1457 3012 fi
1465 2945 1537 3015 ques
1544 2917 1715 3021 stipulatus
1733 2943 1812 2989 ιιι.
1841 2918 1878 2986 de
1904 2927 1944 2989 V.
1975 2923 2053 2992 (tt

445 3016 672 3108 injuriam&
685 3019 723 3090 de
735 3017 893 3109 injuriis,
918 3021 942 3089 Ι.
961 3045 992 3090 2.
1011 3019 1132 3094 Cedet
1146 3016 1203 3089 lite
1225 3018 1400 3119 pendente,
1426 3021 1449 3088 l.
1465 3044 1523 3090 22.
1541 3027 1577 3088 C.
1590 3019 1629 3088 de
1689 3015 1876 3088 ocuratorib.
1891 3022 1912 3090 l.
1933 3043 1963 3089 t.
1979 3020 2056 3092 cod.

350 3193 353 3200 ,
443 3117 650 3208 defintentiis
666 3163 676 3198 ‚
700 3121 722 3190 s.
737 3145 874 3192 remnon
888 3143 1005 3196 nevam
1024 3143 1079 3212 ¹4·
1094 3119 1122 3194 5.
1142 3141 1171 3188 r.
1184 3117 1308 3194 Codde
1310 3114 1475 3208 judiciis,
1499 3119 1523 3188 l.
1537 3145 1571 3208 4.
1585 3126 1627 3188 Co
1651 3172 1659 3188 .
1674 3114 1940 3205 dejurisdislione
1953 3122 2000 3201 ..t
2020 3143 2055 3192 r.

444 3219 521 3292 ced.
535 3215 658 3311 desitis
671 3215 912 3308 eorrtestationn
933 3219 960 3286 l.
971 3215 1106 3290 liberum
1132 3241 1148 3282 ι
1159 3221 1191 3291 6.
1208 3216 1283 3292 Cod.
1293 3213 1479 3310 ,defidejuffi
1505 3221 1540 3286 δι
1555 3213 1711 3292 stmllibus
1731 3212 1879 3308 pluribus
1888 3269 1903 3302 .,
1931 3215 2053 3312 quibus

442 3316 550 3390 multa
559 3317 767 3414 ,denegantur
779 3314 855 3406 post
865 3311 954 3383 litem
967 3311 1205 3392 contestatam,
1232 3336 1306 3406 quae
1320 3335 1394 3382 ante
1408 3314 1499 3384 litem
1514 3314 1727 3388 contestatam
1741 3313 1827 3388 haud
1842 3316 1941 3398 itern3
1958 3315 2052 3402 herc,

441 3416 604 3511 inquam,
619 3409 1023 3490 omnianilobslantlruie
1039 3414 1125 3508 Reg.
1137 3413 1214 3504 quie
1229 3435 1270 3482 eo
1284 3403 1511 3504 speetanthaec
1614 3414 1670 3494 ia,
1698 3430 1735 3481 ut
1747 3408 1876 3488 italites
1894 3408 1955 3484 suo
1982 3440 2053 3486 coe.

468 3537 572 3610 toque
588 3533 693 3586 marte
717 3510 893 3588 decurrant
915 3559 927 3598 ,
957 3505 1234 3590 neveeonsrliun
1249 3529 1382 3588 mttere
1403 3504 1544 3610 mplius
1578 3531 1660 3586 uum
1681 3505 1812 3584 alterius
1838 3511 1873 3584 in
1894 3513 2051 3605 injuriam

502 3636 535 3688 ἃῖ
545 3673 560 3690 ..
1584 3681 1587 3690 ,

484 3715 649 3790 Nunc-de
661 3719 812 3818 genuinis
827 3715 1033 3821 Regularum
1046 3717 1165 3793 lterum
1179 3715 1321 3792 duarum
1338 3710 1502 3814 speciebus
1526 3713 1717 3790 videamus.
1741 3717 1836 3791 Prior
1848 3716 1950 3815 igitur
1974 3717 2045 3788 Re-

462 3817 514 3892 ula
525 3822 669 3912 pettin'et
685 3819 915 3898 adtractatum
932 3818 1133 3895 delentem
1143 3817 1325 3925 ‚peffeffione‚
1335 3840 1374 3890 ut
1389 3815 1566 3892 ostendunt
1583 3839 1702 3890 caeterae
1720 3813 1806 3915 leges
1822 3839 1861 3884 ex
1874 3813 1993 3886 eodem
2007 3813 2047 3885 li-

434 3843 500 3990 lro
514 3945 549 4006 7.
587 3919 676 3992 Pauli
700 3919 918 4016 questionum
947 3914 1142 4016 desumpto,
1167 3941 1250 4016 putu
1262 3917 1311 3990 lex
1331 3945 1449 4012 3o.37.
1468 3919 1551 3992 D.de
1561 3917 1733 4009 testamur.
1752 3913 1849 3984 milt't.
1859 3917 1883 3986 l.
1887 3939 1920 4004 5.
1939 3921 1986 3987 D.
2001 3914 2041 3984 de

434 4023 528 4118 legat.
545 4046 578 4091 2.
597 4023 620 4092 l.
638 4045 693 4092 12.
706 4021 744 4092 de
758 4017 863 4092 boner.
881 4018 992 4122 poffeffl
1003 4021 1135 4110 flectenti.
1159 4019 1258 4092 rabat.
1276 4023 1300 4122 l.
1319 4045 1378 4105 92.
1393 4019 1431 4088 de
1444 4026 1485 4090 V.
1504 4029 1537 4090 S.
1566 4020 1617 4088 Ac
1638 4010 1804 4108 speciatim
1829 4006 1951 4106 spesltot
1974 4011 2046 4088 haec

434 4121 529 4216 prior
549 4123 634 4218 Reg.
652 4113 706 4190 seu
720 4123 775 4190 lex
787 4125 844 4194 86.
858 4119 900 4191 cd
911 4121 1088 4190 tradtatmu
1100 4117 1142 4190 de
1160 4113 1331 4190 collatione
1344 4114 1511 4195 bonorum,
1541 4111 1596 4185 ubi
1624 4111 1707 4184 filius
1733 4113 1957 4206 emancipatus
1988 4109 2051 4184 bo·

434 4243 560 4294 norrun
571 4211 721 4313 possesso
749 4243 802 4290 em
821 4241 941 4289 contre
954 4213 1082 4290 tabulas
1097 4213 1286 4310 postulent,
1312 4208 1471 4286 sua'boru
1485 4215 1525 4286 in
1550 4211 1700 4284 medium
1715 4208 1872 4282 conserte
1901 4233 2051 4284 tenetur:
2131 4277 2133 4282 ,

432 4327 511 4410 Qua
530 4319 565 4388 in
582 4342 615 4388 re
627 4245 801 4494 quesitXm
814 4313 902 4402 firit,
928 4327 1043 4390 utrum
1059 4311 1147 4388 filius
1163 4315 1391 4408 emancipatum
1412 4316 1607 4404 injuriarum
1618 4312 1787 4382 ustionem
1797 4333 1874 4405 quae
1893 4305 1973 4406 saepe
1990 4334 2050 4406 pe-

432 4420 577 4492 cuniaria
589 4417 655 4496 est,
680 4420 763 4488 conl
773 4419 832 4488 *rte
842 4429 1011 4488 teneatur?
1025 4411 1172 4511 'quuod
1186 4433 1324 4512 negatur
1334 4416 1361 4483 l.
1378 4437 1414 4484 e.
1430 4416 1457 4490 §.
1471 4441 1507 4503 4.
1519 4421 1566 4485 D.
1576 4412 1617 4482 de
1629 4414 1735 4484 collat.
1750 4407 1854 4483 beno.
1880 4415 1959 4505 quia
1979 4409 2051 4482 hae

432 4520 519 4590 attio
535 4519 638 4615 magis
653 4514 803 4592 vindidlae
816 4541 919 4613 quam
935 4517 1080 4608 pecunie
1091 4507 1353 4608 persecutionem
1368 4509 1490 4586 habet.
1518 4509 1580 4582 Sed
1594 4507 1679 4582 ultra
1695 4507 1871 4606 quesitum
1891 4509 1980 4594 suit,
2003 4535 2050 4581 an

430 4615 488 4688 lite
501 4615 610 4690 selten'r
625 4617 803 4690 contestata
823 4641 895 4688 eam
914 4615 1083 4686 actionem
1106 4614 1331 4706 emancipatus
1352 4609 1505 4684 conserte
1522 4625 1714 4708 cogeretur?
1737 4608 1847 4698 Quod
1867 4607 2048 4682 dicendum

429 4714 601 4790 videbatur
614 4717 676 4790 hac
690 4713 862 4788 dubitandi
879 4715 1032 4792 ratione,
1059 4712 1138 4808 quia
1148 4713 1341 4804 iujuriarum
1353 4711 1439 4781 aelio
1452 4715 1516 4800 jam
1533 4707 1676 4781 inbonis
1694 4710 1813 4781 noslris
1833 4727 2050 4800 computatur

428 4813 503 4910 post
532 4815 623 4892 litem
638 4817 874 4902 contestatum,
899 4834 938 4889 ut
947 4807 1066 4888 diserte
1080 4805 1241 4912 seriptum
1261 4809 1370 4922 exstet*
1384 4809 1624 4904 lienteriam
1640 4811 1699 4886 28.
1713 4817 1760 4884 D.
1774 4809 1813 4882 de
1833 4806 1937 4897 injur.
1959 4805 2049 4882 Etid

1988 4927 2039 4980 tt-
