4632 5916
423 535 687 616 narseum
704 531 1010 616 cnrournu,
1024 533 1121 605 xrr.
1136 529 1272 605 com.
1288 515 1667 615 ravotrur'nree.
1753 547 1839 642 ιη

262 637 267 646 ’
299 641 479 730 Periculofir
490 643 590 740 igitur
604 644 648 710 R.
659 636 816 708 dicuntur
829 636 860 706 h.
876 639 900 707 l.
916 629 1021 722 Quod
1036 631 1172 728 quidem
1187 631 1306 726 triplici
1322 637 1448 706 ratione
1462 635 1527 708 seve
1537 635 1680 734 respedlu
1690 641 1755 716 diti
1766 643 1845 742 pos.

247 740 306 816 fit.
332 745 480 814 Primum
496 741 622 810 ratione
636 732 887 838 Compofitionis:
913 733 1112 805 concinnare
1123 732 1247 828 quippe
1261 756 1312 802 eas
1326 759 1396 804 non
1409 734 1454 806 est
1469 741 1634 828 cujusvis,
1661 735 1716 814 sed
1730 749 1845 844 magni

246 838 422 914 artificis&
436 841 524 918 Juris
538 829 698 908 consulti.
722 858 801 906 cum
815 857 885 904 non
898 829 990 902 sutile
1004 828 1086 926 quid
1099 831 1133 900 in
1160 823 1346 900 universum
1367 829 1492 906 definiri
1513 835 1633 930 possit,
1661 861 1698 910 ut
1722 840 1843 916 dieitur

247 941 283 1012 in
294 933 340 1034 sp.
354 943 378 1010 l.
399 965 454 1030 15·
469 936 505 1008 in
512 938 572 1032 fin.
587 943 634 1008 D.
647 933 742 1006 reim
763 931 827 1024 enfi
839 928 875 1002 in
886 957 935 1003 res
948 927 1168 1020 dorulfallis.
1194 921 1371 1023 praesertim
1386 928 1441 1001 ubi
1455 957 1505 1004 res
1519 937 1553 1005 in
1568 935 1655 1010 sesto
1678 942 1782 1042 magis
1805 947 1843 1012 dc

199 1044 203 1056 '
244 1038 397 1131 equitate
410 1059 511 1130 quam
525 1038 560 1106 in
574 1039 644 1126 jure
656 1059 720 1104 eon
735 1033 819 1109 rstits
844 1053 915 1126 quo
929 1028 1071 1124 pertinet
1084 1025 1133 1098 lex
1145 1051 1298 1124 quatenus
1314 1056 1369 1118 24.
1380 1029 1481 1133 supra
1492 1037 1514 1104 l.
1531 1061 1586 1126 μ.
1601 1045 1647 1108 D.
1671 1039 1709 1110 de
1721 1039 1839 1129 usuris,

243 1140 328 1225 l.r4.
345 1135 381 1208 in
388 1133 494 1250 princ.
509 1143 556 1210 D.
572 1134 611 1204 de
624 1131 693 1204 div.
711 1143 750 1215 cr
765 1151 859 1233 resep.
869 1127 991 1232 prefer.
1009 1125 1162 1198 Secundo
1171 1124 1369 1228 periculose,
1387 1126 1451 1200 dici
1465 1125 1597 1226 possunt
1620 1139 1673 1206 Re
1698 1137 1757 1206 ulae
1778 1147 1798 1216 J
1801 1167 1843 1210 u-

245 1237 289 1308 tis
301 1233 415 1308 Civilis
432 1235 558 1304 ratione
573 1229 808 1333 Exceptionum
823 1235 857 1300 dt
873 1222 1006 1300 casuum
1022 1219 1205 1320 specialium
1220 1249 1301 1320 quas
1315 1227 1483 1300 Fullemies
1497 1253 1638 1316 vocant,
1661 1161 1714 1306 ssu
1731 1233 1843 1336 fingu-

244 1331 385 1418 larium,
412 1334 491 1427 quia
506 1326 586 1427 sape
600 1328 715 1401 fallunt
729 1328 811 1424 pede
824 1323 962 1428 Regula
975 1326 1068 1396 vario
1079 1379 1090 1408 ,
1102 1319 1156 1398 seu
1171 1319 1328 1420 quasdam
1344 1329 1513 1422 patiuntur
1522 1328 1784 1425 reprehensiones
1798 1332 1843 1407 ob

246 1435 439 1502 varietatem
453 1429 771 1502 circumstantiarum
786 1425 859 1512 ,vel
875 1426 1037 1522 requitatis
1053 1420 1097 1493 lin
1124 1422 1220 1494 ularis
1235 1417 1376 1517 speciem
1387 1423 1529 1521 aliquam
1541 1479 1552 1511 ,
1564 1431 1641 1524 quia
1652 1433 1750 1524 jaspin
1766 1459 1844 1504 cau.

248 1523 441 1624 sepositum
457 1529 523 1612 est,
538 1533 623 1616 l.52.
642 1535 688 1602 D.
702 1528 745 1599 ud
761 1535 802 1601 L.
814 1523 933 1622 Aquil.
948 1545 985 1594 ut
998 1449 1179 1618 proindese
1197 1552 1214 1594 e
1222 1523 1334 1623 generi
1341 1525 1710 1627 perspeciemderogetur
1722 1581 1732 1611 ,
1745 1535 1767 1603 l.
1786 1535 1843 1603 80.

240 1629 366 1732 supra.
392 1636 473 1714 Quo
489 1629 629 1722 pertinet
642 1651 818 1726 germanos
833 1619 1029 1712 Quintiliani
1043 1618 1136 1692 locus
1146 1546 1200 1696 las.
1215 1647 1246 1694 2.
1261 1643 1331 1738 cap.
1353 1649 1407 1715 ¹3·
1424 1624 1536 1695 Moris
1550 1625 1631 1699 milri
1634 1627 1757 1744 semper
1758 1629 1845 1723 fuit.

248 1727 359 1821 inquit
372 1779 382 1809 ,
397 1751 494 1824 quum
506 1724 677 1797 minimum
688 1751 737 1795 me
750 1723 883 1829 elligere
896 1722 941 1794 ud
949 1741 1097 1824 precepta
1111 1747 1174 1818 que
1187 1723 1349 1794 Catholecu
1361 1747 1493 1806 uerunt,
1509 1723 1548 1795 id
1558 1723 1620 1816 est,
1635 1728 1844 1820 vniversalia
1938 1799 1944 1810 ,

248 1835 289 1908 el*
299 1823 517 1928 perpetualia:
543 1833 627 1898 Raro
642 1823 728 1896 enim
744 1821 901 1926 reperitur
913 1821 969 1891 hoc
977 1847 1097 1920 genus,
1122 1846 1160 1892 ut
1173 1849 1234 1893 eron
1250 1826 1702 1992 LABEFMAerW
1731 1828 1844 1926 eliqua

248 1947 308 1998 eut
322 1926 619 2028 svsrvrpeffir:
634 1923 724 1994 Hinc
740 1917 951 2020 vulgatae'illae
961 1915 1134 1997 formula,
1150 1919 1313 2020 Regulam
1322 1921 1465 2015 aliquam
1480 1947 1578 1992 none
1602 1951 1620 1994 e
1637 1947 1844 2022 perpetuam,

246 2021 271 2095 l.
288 2051 322 2111 9.
337 2023 375 2093 de
381 2021 471 2113 juris
482 2035 521 2106 eff
528 2021 612 2116 fulli
623 2021 724 2121 ignor.
736 2023 757 2092 l.
778 2045 860 2110 ¹40·
876 2015 906 2096 l.
924 2043 957 2090 2.
972 2025 1018 2089 D.
1035 2019 1072 2088 de
1085 2025 1128 2089 V.
1147 2025 1227 2092 0.1.
1246 2047 1306 2109 40.
1324 2029 1369 2093 D.
1385 2019 1566 2093 accendier.
1579 2021 1681 2096 indeb.
1694 2029 1717 2098 l.
1748 2051 1778 2097 t.
1797 2033 1846 2097 D.

125 2151 128 2158 ¹
245 2123 287 2194 ele
301 2131 377 2222 Reg.
393 2133 502 2194 Curru.
517 2120 710 2216 Eodemque
722 2112 865 2214 spedlant
885 2115 945 2188 illa
959 2143 983 2188 a
1006 2113 1163 2188 modestia
1180 2105 1334 2214 profesta
1355 2123 1522 2201 JCtorum
1540 2123 1785 2194 enunciationes
1811 2125 1846 2195 in
1857 2162 1876 2174 ·

251 2223 390 2318 Regulis
412 2215 602 2299 efferendis,
630 2225 843 2316 Plerumque,
870 2225 999 2292 Ferme.
1025 2213 1182 2301 Videtur,
1209 2241 1282 2312 quae
1306 2219 1404 2290 etiam
1427 2217 1493 2290 hoc
1518 2218 1616 2290 titulo
1643 2243 1844 2294 occurrunt.

250 2319 388 2393 Etbanc
404 2319 540 2412 quidem
555 2319 751 2420 hujusReg.
765 2317 958 2390 sententiam
972 2315 1077 2387 Graeci
1091 2336 1229 2407 putant,
1256 2339 1373 2408 nempe
1394 2313 1619 2386 definitionem
1641 2342 1778 2390 omnem
1793 2324 1848 2412 iu·
1908 2379 1912 2384 .

253 2423 296 2490 ris
311 2417 509 2517 generalem,
538 2429 691 2486 uuensuu
706 2443 813 2484 revere
823 2413 1005 2511 generiem
1022 2413 1279 2508 regulamviriari
1293 2407 1419 2506 spetiali
1437 2411 1497 2484 alia
1511 2409 1598 2511 lege,
1608 2440 1697 2486 exem
1722 2415 1755 2488 lo
1770 2441 1846 2490 tuu-

253 2517 303 2586 tui
315 2511 506 2611 propofito,
531 2516 588 2585 ubi
603 2510 714 2612 regula
726 2510 862 2607 quidem
876 2505 1031 2609 generalis
1045 2509 1112 2592 est,
1139 2531 1177 2581 ut
1188 2513 1299 2581 omnis
1311 2513 1370 2605 qui
1382 2534 1540 2585 mutuum
1552 2511 1642 2584 dedit
1656 2561 1666 2595 ,
1696 2539 1777 2585 uum
1794 2539 1846 2587 re·
1901 2593 1906 2602 ,

136 2719 140 2726 ·
250 2617 368 2782 apag.
397 2609 735 2780 γωῗωιῖἷιῖ“Ι.ι’ἷ“ιῖὴ’
761 2611 820 2776 ἷέιιί
833 2607 1475 2780 llltllllssll‘sstlll‘ll;l
1491 2607 1847 2780 hiirlllisulvfflt'

251 2717 653 2904 '’ipqpeppppppcspmmam
665 2731 815 2875 vidgellce’t
829 2729 1057 2884 attentionem,
1074 2825 1148 2896 quae
1160 2727 1212 2874 11er
1211 2830 1248 2874 ea
1261 2733 1451 2899 applicbnda
1462 2731 1510 2880 apd
1518 2810 1618 2880 REM
1634 2803 1688 2880 seu
1701 2735 1848 2904 ’spbclsii

251 2903 455 3004 propositam
468 2907 665 3000 requiritur:
690 2899 783 2976 Nihil
808 2902 898 2974 enim
921 2922 990 2978 tam
1009 2902 1187 2972 minimum
1207 2905 1246 2976 in
1272 2908 1357 3002 Reg.
1380 2911 1541 3000 praeterire
1558 2905 1680 3002 pollis,
1706 2910 1741 2978 in
1755 2907 1849 2982 nullo

248 3005 405 3101 vquamvis
418 3003 555 3074 modico
572 3005 757 3074 VlTlerI
772 3025 829 3086 ea,
856 3003 939 3096 quin
952 2993 1064 3070 salsam
1077 3023 1150 3070 eam
1163 3007 1199 3071 dr
1216 2998 1376 3098 obstipam
1389 3001 1606 3102 Lesbiamque
1619 3003 1732 3078 facias:
1757 3007 1849 3080 velu.

254 3107 281 3175 ti
295 3106 354 3190 (ut
366 3099 505 3174 cautelas
519 3096 679 3197 quasdam
693 3100 779 3194 juste
793 3095 1018 3195 applicationis
1032 3097 1087 3170 hic
1099 3111 1307 3194 proponam)
1323 3153 1332 3172 .
1388 3129 1419 3176 ι.
1434 3101 1504 3175 Nisi
1523 3103 1623 3176 Verba
1638 3103 1762 3203 singula
1774 3106 1851 3180 dili-
1928 3122 1933 3130 '

319 3195 570 3272 terereulserisr
620 3225 653 3273 2.
670 3196 741 3274 Nil
758 3197 867 3270 Finem
879 3201 998 3297 Regula
1009 3193 1114 3290 probe
1123 3193 1328 3293 perspediunr
1338 3199 1502 3276 habueris:
1557 3203 1669 3297 3.Nifi
1687 3203 1853 3278 Terminus
1893 3239 1905 3294 ¹,
1928 3221 1980 3306 ,Ἦ

295 3299 374 3372 biles
387 3293 611 3395 supposueris:
660 3325 696 3392 4.
713 3294 784 3374 Nifi
798 3322 929 3393 aequum
945 3297 1095 3380 bonum,
1120 3321 1139 3366 a
1156 3297 1266 3368 stnuo
1279 3305 1350 3392 jure
1363 3303 1396 3372 in
1422 3299 1634 3402 singularibus
1651 3299 1849 3400 quibusdam

255 3397 401 3481 casibus,
426 3398 621 3483 distinxeris,
646 3423 718 3496 quo
732 3399 873 3496 pertinet
888 3394 978 3467 Pauli
996 3397 1164 3468 monitum
1188 3421 1225 3467 eu
1247 3393 1364 3481 Celso,
1388 3405 1412 3472 1.
1440 3429 1498 3492 91.
1525 3405 1554 3478 §.
1575 3429 1605 3493 3.
1621 3409 1667 3473 D.
1694 3403 1732 3472 de
1745 3409 1785 3474 V.
1804 3411 1847 3476 O.

257 3523 292 3592 5.
317 3493 390 3570 Nifi
406 3495 522 3593 (quod
535 3497 729 3594 palmarium
744 3503 778 3568 &
792 3493 998 3591 potissimum
1011 3491 1065 3566 bic
1079 3495 1142 3586 est)
1160 3523 1202 3566 ex
1215 3505 1297 3586 Jure
1310 3497 1500 3595 quodquod
1510 3499 1555 3571 est
1576 3497 1739 3599 Regulam
1763 3497 1851 3573 sece-

255 3693 499 3790 &loquentem
513 3717 572 3792 per
586 3691 729 3790 exempla
740 3697 774 3764 in
788 3719 825 3764 ea
841 3690 957 3771 relata,
984 3689 1035 3764 vel
1053 3689 1095 3761 ad
1117 3717 1190 3778 eam
1211 3691 1388 3766 referenda'
1396 3697 1624 3779 declaraveris,
1651 3596 1865 3770 [ιίἇὲῦὲξὲ-

255 3789 386 3894 seceris:
411 3815 513 3890 quam
525 3793 721 3887 postremam
737 3787 896 3863 cautelam
908 3792 1004 3862 initio
1019 3791 1125 3862 statim
1135 3789 1233 3880 hujus
1248 3793 1334 3863 tituli
1349 3789 1406 3893 sug
1430 3799 1491 3866 erit
1502 3801 1555 3872 lex
1572 3819 1601 3864 r.
1618 3793 1738 3896 surpra,
1764 3795 1796 3866 lr.
1821 3819 1847 3870 t.

256 3914 329 3986 quo
344 3883 375 3962 se
388 3891 441 3962 bic
454 3890 600 3986 plerique
615 3900 836 3988 Interpretum
850 3887 993 3962 referunt
1007 3884 1200 3986 missamque
1211 3889 1296 3962 hanc
1311 3889 1385 3964 ideo
1400 3821 1545 3980 sciunt,
1571 3917 1644 3988 quar
1659 3897 1777 3987 pariter
1792 3896 1849 3980 ait,

257 3993 412 4090 Regulum
425 3989 560 4088 officium
609 4017 666 4064 uus
675 3991 803 4096 perdere
806 3994 904 4086 fimul
910 4015 985 4060 cum
991 3989 1028 4061 iu
1038 3987 1145 4084 aliquo
1155 3986 1326 4083 vitiuruell
1336 4024 1348 4064 :
1360 3991 1510 4090 ineliquo
1519 3989 1568 4061 aie
1580 4044 1589 4073 ,
1602 3989 1636 4062 id
1650 3991 1713 4076 est,
1728 4015 1848 4085 quam-

258 4083 336 4160 libet
350 4111 489 4182 parvum
504 4089 538 4164 id
564 4112 613 4170 tt,
637 4085 820 4187 quamlibet
832 4090 1025 4162 minimum.
1053 4087 1156 4160 Unde
1168 4087 1233 4178 jam
1245 4087 1368 4185 liquet,
1395 4087 1596 4162 retinendam
1610 4089 1663 4159 lric
1677 4096 1850 4164 omnimo·
1895 4166 1899 4176 ,

259 4183 517 4266 ‹lis-leuiorem.
543 4197 666 4264 Puram
687 4189 753 4285 est,
778 4186 871 4283 quod
885 4188 1053 4259 Antonius
1069 4187 1270 4284 Augustinus
1333 4216 1363 4282 3.
1376 4187 1512 4260 Emend.
1528 4215 1560 4275 9.
1570 4211 1605 4290 p.
1624 4190 1703 4258 208.
1728 4191 1851 4264 lounn.

261 4287 382 4352 Ferrar:
408 4291 541 4356 Monta.
559 4289 721 4378 treiciam
735 4285 816 4358 olim
831 4288 904 4356 tuiti
918 4281 1014 4362 sunt,
1038 4291 1072 4356 δέ
1085 4287 1160 4379 post
1170 4311 1227 4357 eos
1241 4287 1382 4359 Carolus
1397 4285 1593 4358 Molinaeus:
1617 4311 1687 4354 non
1704 4311 1784 4356 vero
1797 4315 1851 4358 ru·

261 4407 336 4452 rum
356 4425 369 4457 a.
391 4401 429 4452 ut
447 4379 581 4452 Budaeus
594 4391 628 4452 &
640 4379 938 4462 Haloandtr,·lroc
952 4377 1064 4463 senisu,
1090 4382 1185 4474 quod
1198 4379 1490 4477 nilrcircumspeeii
1507 4381 1630 4465 simus,
1657 4405 1772 4476 parum
1787 4383 1851 4471 fir,

262 4478 356 4550 idest
371 4503 505 4574 patum,
531 4472 586 4550 seu
602 4503 671 4552 non
685 4478 829 4552 multum
843 4473 946 4560 abfit,
973 4479 1055 4574 quin
1070 4473 1212 4552 subverti
1227 4505 1345 4578 queat,
1360 4489 1394 4552 δι
1407 4504 1445 4554 ut
1456 4484 1559 4552 Grati
1572 4475 1710 4554 efferunt
1721 4506 1854 4575 ιυχερυι,

263 4603 377 4663 mfpnr
393 4603 587 4664 urarperrtrerr
594 4579 697 4671 facile
710 4587 750 4662 ῤ’
763 4575 876 4673 ubsque
886 4573 989 4648 labore
999 4578 1214 4652 convertitur.
1674 4605 1724 4646 ··''=
1754 4667 1758 4674 ἱ

315 4682 355 4746 lar
370 4677 437 4747 inec
451 4675 586 4771 quidem
602 4681 646 4746 ita
659 4672 851 4754 Javolenus,
877 4677 935 4772 qui
950 4697 1058 4749 tamen
1073 4677 1148 4751 alias
1168 4675 1311 4776 Regulus
1330 4675 1492 4778 generales
1512 4681 1748 4778 peremptorias
1769 4675 1853 4776 ipse.

263 4797 333 4847 met
347 4775 504 4850 audenter
518 4777 748 4865 commu)
773 4770 1105 4873 cqamodlaerunt
1116 4799 1261 4875 quatuor
1272 4772 1474 4872 superiores,
1500 4779 1750 4854 acnominatim
1774 4804 1854 4875 pro-

256 3599 323 3672 ris.
348 3597 465 3680 idest,
489 3595 549 3667 nist
566 3599 621 3683 (ut
633 3597 819 3690 loquuntur
832 3601 1044 3688 Interpretes)
1063 3593 1208 3694 regulam
1219 3598 1409 3692 generaliter
1424 3593 1477 3670 seu
1501 3595 1683 3672 indistirnste

1158 4879 1246 4948 Mn
1297 4903 1317 4951 a
1768 4883 1856 4960 xime
1987 4888 1995 4910 ”
