4692 5960
449 610 513 690 nt
540 613 647 692 tun.
673 611 731 686 et·
757 603 866 682 Aer.
893 607 962 680 tte.
987 605 1050 680 xt.
1076 587 1214 680 coti.
1238 603 1393 682 soter.
1420 601 1787 686 temnuntur:
1861 639 1908 704 99

295 709 498 810 (Rumon
507 711 670 812 haredigit)
685 733 725 782 ut
737 709 843 784 aluo
853 713 985 780 macula
997 708 1033 780 in
1047 705 1160 813 Lycios
1170 707 1362 808 perseveret,
1380 735 1445 806 qno
1453 709 1566 810 inipfi
1581 715 1656 801 jam
1670 717 1909 786 TEMPORIS

300 813 488 908 obfiolutione
502 813 686 915 consumpto
701 810 763 904 est.
789 813 829 880 Et
842 808 927 902 quid
946 805 1084 880 fisemile
1106 808 1188 902 quid
1200 801 1259 881 hie
1268 833 1411 906 quoque
1427 812 1520 881 innui
1532 823 1716 904 putemus?
1730 819 1832 887 Certe
1841 813 1909 886 ltoc

302 911 375 1014 ipso
388 935 539 1009 ternpore
552 909 782 986 Antiochenos
791 911 827 980 in
834 911 950 1003 Syria,
975 915 1011 980 ’δι
1026 911 1221 1002 Byzantios,
1236 911 1437 1004 temporaria
1451 914 1741 1002 permutatione&
1757 910 1911 985 offensio-

304 1043 348 1090 ne
359 1013 405 1086 ob
422 1008 637 1088 Pescennium
648 1012 797 1107 Nigrum
804 1018 821 1091 ²,
843 1009 888 1080 de
903 1009 1008 1108 gradu
1024 1005 1085 1079 stro
1102 1006 1248 1098 dejectos
1266 1009 1379 1102 ,apud
1395 1009 1546 1080 Historiae
1564 1013 1716 1109 Augusta
1731 1015 1912 1107 Scriptores

305 1116 444 1214 legimus
460 1166 470 1195 ,
496 1132 576 1184 mox
591 1134 700 1182 tamen
713 1109 851 1205 pristino
866 1113 929 1202 juri
944 1105 1004 1180 suo
1015 1108 1205 1190 restitutos,
1232 1102 1286 1180 seu
1307 1111 1435 1184 JURA
1454 1110 1579 1180 vetusta
1592 1110 1642 1181 his
1658 1112 1802 1182 restituta
1814 1118 1913 1187 oca-

251 1221 254 1230 *
307 1214 423 1290 racalla
451 1206 535 1299 (sub
547 1217 719 1306 quolmp.
736 1207 902 1304 Ulpianus
912 1206 1013 1300 hujus
1031 1211 1120 1306 Reg.
1133 1203 1447 1298 auctor-scribebat)
1471 1229 1514 1278 ‘ut
1527 1211 1642 1280 audior
1654 1210 1699 1279 est
1712 1214 1913 1304 Spartianus.

359 1311 512 1387 Secundo
525 1361 534 1390 ‚
545 1313 609 1382 hac
625 1305 728 1404 specie
740 1303 897 1387 admissa,
909 1303 1055 1402 sequitur
1070 1308 1464 1379 PERMUTATlONlS
1478 1305 1694 1403 appellatione
1707 1313 1740 1382 in
1750 1310 1813 1380 hat
1825 1315 1914 1410 Reg.

310 1411 472 1492 indicati,
499 1437 571 1482 non
585 1404 764 1480 substantia
783 1409 830 1480 tei
841 1405 978 1498 alicujus
990 1409 1283 1493 immutationem,
1310 1431 1427 1478 verum
1444 1433 1568 1478 novam
1584 1405 1730 1482 formam
1747 1463 1758 1495 ,
1785 1407 1916 1480 formu-

313 1513 406 1596 lam,
432 1513 606 1583 notitiam:
630 1515 667 1580 ‘&
690 1513 779 1580 'inter
802 1505 862 1576 alia
876 1510 1174 1598 conjundtionetn,
1200 1535 1319 1593 naon,
1341 1509 1442 1577 ¹nnius
1460 1509 1637 1601 provinciae
1656 1535 1735 1580 cum
1748 1508 1829 1593 alia,
1857 1503 1935 1581 sub,

313 1639 384 1684 uno
395 1611 580 1706 eodemque
593 1605 761 1688 nonore,
786 1613 823 1678 δι
838 1603 1073 1679 stcunionem.
1102 1613 1166 1687 Ea,
1192 1611 1331 1706 inquam
1345 1647 1364 1691 ‚·
1376 1631 1554 1674 -enauoorot
1570 1610 1605 1676 δι
1616 1617 1781 1690 unsarans
1797 1604 1917 1704 'species
2013 1671 2018 1682 „

316 1707 370 1783 seu
383 1713 633 1806 permutationis
642 1709 696 1780 hic
707 1705 892 1778 indicetur.
905 1710 998 1778 Nam
1005 1697 1068 1780 fetsr
1080 1707 1323 1811 permutationis
1332 1730 1401 1778 vox
1414 1702 1602 1800 composita
1614 1731 1679 1800 pro
1692 1705 1828 1802 simplici
1842 1731 1919 1780 rnu-

315 1814 448 1881 tationis
465 1811 643 1904 accipiatur
657 1861 668 1893 ,
695 1829 839 1878 attamen
850 1829 923 1876 ¹non
939 1833 1114 1902 nunquam
1124 1805 1290 1908 fignificat
1303 1804 1348 1879 rei
1364 1804 1500 1897 alicujus
1517 1830 1595 1877 cum
1610 1805 1670 1876 alia
1682 1809 1920 1878 commutatio·

316 1935 420 1990 nan,
449 1905 530 1980 fiout
545 1911 721 1979 contraitur
729 1905 973 2010 permutationis
987 1905 1111 1978 dicitur
1124 1912 1147 1980 l.
1167 1935 1197 1994 t.
1214 1917 1261 1982 D.
1277 1909 1316 1980 de
1327 1923 1538 2006 controtmpt.
1555 1908 1608 1977 Sic
1620 1904 1707 2000 apud
1721 1911 1920 1980 Ciceronem

216 2046 223 2055 ·
318 2033 493 2111 temporum
505 2008 697 2111 permutatio
713 2060 724 2090 ,
751 2004 795 2078 stc
812 2000 1005 2076 sententiam
1019 2029 1200 2110 potetestate
1216 2035 1225 2080 t
1251 2007 1341 2080 fic&
1358 2009 1392 2078 in
1408 2009 1474 2100 ‘ist
1482 1991 1752 2109 quis'septtlcrtttn
1769 2032 1824 2076 12.
1838 2008 1871 2083 '§.
1890 2027 1923 2077 1.

318 2118 366 2183 D.
382 2111 421 2180 de
437 2107 606 2207 religioſss,
632 2110 774 2178 vetitum
794 2103 914 2175 dicitur
930 2103 1056 2178 SCons.
1075 2131 1117 2177 ne
1131 2103 1206 2180 usus
1229 2103 1454 2204 sepulcrorum
1469 2108 1717 2199 permutatione
1730 2103 1922 2200 polluatur,

316 2207 351 2280 id
362 2207 407 2280 est
423 2207 604 2302 quomodo
615 2201 753 2302 ipsemet
765 2208 830 2280 JC.
846 2202 890 2274 ibi
905 2201 1065 2300 explicat,
1092 2232 1141 2278 ne·
1151 2203 1336 2302 sepulcrum
1353 2209 1471 2276 Atta
1486 2199 1745 2275 conversationis
1760 2197 1923 2274 usumac-

111 2385 123 2396 ,
254 2302 260 2314 ’
305 2309 437 2401 εἰρῐαῑ,
450 2309 502 2377 Sic
516 2311 550 2378 in
563 2311 587 2379 l.
591 2305 660 2402 filii
678 2331 734 2376 22.
750 2307 778 2382 l.
794 2327 826 2374 t.
843 2312 888 2376 D.
904 2305 1086 2378 admoniti
1105 2310 1149 2378 al.
1165 2307 1308 2390 dicitur,
1320 2303 1424 2377 viduo
1442 2297 1675 2375 mulierosum
1686 2304 1798 2374 mariti
1810 2302 1924 2372 domi-

317 2409 430 2478 cilium
444 2409 611 2492 rerinere‚
637 2404 786 2500 eaeatplo
807 2402 997 2476 Clariffimae
1017 2329 1163 2499 perlimat
1185 2409 1419 2501 permantum
1436 2401 1554 2474 eun:
1579 2396 1634 2472 led
1656 2425 1837 2496 utrumque
1857 2399 1926 2472 aliis

315 2505 608 2577 intervenientibus
629 2503 751 2599 nuptiis
765 2505 967 2598 permutari.
992 2509 1045 2578 Sic
1056 2514 1094 2578 ἀ
1105 2509 1140 2577 in
1153 2504 1325 2578 metallum
1335 2500 1732 2576 damnaticonditionem
1743 2497 1835 2573 suam
1851 2523 1925 2596 per-

316 2625 448 2678 mutare
464 2601 645 2688 dicuntur‚
671 2609 693 2675 l.
714 2629 768 2676 ro.
780 2607 809 2681 §.
828 2629 859 2673 1.
874 2603 917 2674 do
932 2603 1048 2706 ponis.
1750 2669 1753 2680 .

302 2755 305 2763 ,
368 2707 486 2775 Tertio
501 2703 567 2782 hoc
580 2703 747 2776 intellectu
760 2697 894 2776 adrniffo
909 2703 986 2777 hinc
996 2701 1130 2802 liquet,
1155 2705 1238 2783 Jtts
1258 2703 1533 2778 PROVINCIAE
1544 2691 1604 2774 ltic
1619 2727 1689 2792 non
1704 2695 1765 2774 effe
1785 2685 1926 2773 consue·

306 2801 469 2876 :tudinem
486 2827 655 2886 ‚moretm
667 2801 836 2899 privilegia
848 2795 901 2872 feu
916 2809 1147 2902 praerogativas
1163 2808 1364 2900 provinciae,
1392 2827 1466 2901 qua
1480 2827 1538 2897 per
1551 2825 1674 2895 paucos
1687 2802 1778 2872 astus
1791 2797 1940 2896 infringi

320 2927 396 2977 non
409 2897 547 2996 palliant
562 2953 574 2982 ‚
596 2902 694 2997 quod
711 2904 823 2994 prima
835 2906 1069 2997 {interpretatio
1083 2899 1242 2976 efficiebat
1256 2932 1264 2975 :
1290 2930 1361 2975 non
1384 2899 1513 2973 nudum
1527 2901 1737 2999 Magistratus
1753 2921 1876 2970 nomen
1890 2901 1929 2968 &

318 2996 496 3074 discrimen
514 3054 524 3084 ,
551 3000 647 3095 quod
660 2995 799 3070 secunda
807 2999 1037 3096 interpretatio
1053 3004 1196 3102 ingerit:
1213 3005 1395 3074 nonetiam
1406 2993 1470 3072 fori
1482 2997 1694 3095 provintialis
1709 2995 1930 3096 prascriptio-

318 3123 422 3182 nem,
448 3097 543 3192 quod
556 3101 651 3168 tertia
672 3101 897 3191 interpretatio
913 3097 1066 3194 prefert:
1092 3107 1249 3186 Verum,
1274 3101 1370 3198 quod
1383 3103 1418 3171 in
1432 3092 1597 3194 speciebus
1609 3123 1692 3195 quas
1713 3094 1809 3195 posui
1819 3095 1929 3167 cernis

316 3219 374 3270 tut
390 3252 399 3269 .
427 3205 446 3274 J
452 3201 509 3268 US
523 3197 701 3291 provincie
716 3248 726 3278 ,
744 3193 818 3291 ¹quo
831 3199 953 3270 tradlns
967 3196 1114 3271 videlicet
1129 3197 1246 3296 aliquis
1257 3217 1497 3294 tertarumpet
1510 3193 1540 3268 se
1553 3201 1848 3294 inprovinciatum
1863 3219 1928 3266 nu·

318 3321 442 3382 mero,
470 3295 546 3368 albo
566 3347 576 3380 ,
598 3291 771 3374 confidit,
798 3293 942 3392 denique
960 3301 994 3368 in
1010 3301 1127 3370 rootitia
1144 3299 1393 3394 provinciarum
1405 3292 1468 3369 suo
1484 3295 1639 3398 peculiari
1659 3295 1776 3369 ordine
1791 3295 1931 3392 provin-

319 3401 444 3492 ciaeque
457 3397 597 3498 nornine
616 3391 675 3464 stat
685 3425 700 3464 1.-
726 3393 788 3465 Vel
802 3393 929 3482 etiarn,
953 3419 993 3467 ut
1006 3395 1071 3470 hoc
1087 3393 1233 3483 addam,
1261 3393 1320 3470 suo
1335 3405 1370 3470 δε
1390 3396 1541 3494 peculiari
1557 3397 1678 3473 JURE
1687 3400 1797 3468 utitur
1811 3429 1832 3470 .·,
1851 3417 1931 3464 nam

319 3521 362 3566 eo
413 3521 459 3565 uo
486 3519 526 3566 ue
540 3495 608 3564 haec
622 3491 720 3564 verba
735 3491 822 3564 forte
838 3491 951 3569 referri
976 3491 1130 3592 poliunt:
1156 3495 1270 3570 eadem
1283 3499 1560 3592 interpretatione
1571 3493 1626 3567 'vel
1653 3490 1755 3592 specie
1778 3499 1902 3566 retenta
1921 3537 1931 3570 s

315 3519 567 3668 hoclenitmfi
584 3592 655 3664 dua
669 3594 847 3687 provinciae
860 3597 894 3666 in
911 3619 1011 3668 unam
1026 3595 1341 3670 administrationem
1351 3595 1536 3690 conjundlae
1550 3592 1838 3675 fuetlrrt,·‘a'ttamen
1852 3597 1870 3668 J
1873 3591 1934 3663 US

311 3690 487 3798 provincio
504 3718 574 3763 non
590 3693 759 3763 immutati
774 3744 787 3777 ‚
813 3719 885 3764 non
897 3689 1049 3768 innam
1066 3727 1077 3768 .·
1104 3691 1159 3769 sed
1174 3692 1303 3772 diverso
1319 3695 1427 3788 adhuc
1441 3701 1513 3790 jure
1529 3688 1702 3790 censeri&
1721 3717 1883 3774 manere,
1910 3685 1936 3762 fi

319 3817 394 3889 qua
413 3797 432 3870 J
437 3795 549 3882 URIS¹
561 3788 731 3862 diversitas
746 3793 781 3864 in
796 3791 847 3864 his
858 3815 957 3866 'antea
972 3813 1041 3866 etat
1056 3849 1065 3868 .

369 3892 522 3966 Tandem
537 3917 578 3963 eo
589 3913 690 3988 quem
704 3889 769 3962 dixi
784 3889 949 3966 intelledlu
963 3896 1060 3986 hujus
1072 3899 1121 3970 R.
1135 3888 1272 3970 admillo
1285 3894 1391 3993 liquet
1405 3949 1416 3982 ,
1441 3885 1594 3968 innovari
1607 3898 1658 3988 jus
1670 3895 1852 3991 'provincia
1871 3889 1934 3964 hac

316 3989 342 4064 l.
360 3991 448 4076 dici,
467 4013 544 4062 non
560 3989 698 4086 quando
713 4017 733 4062 a
755 3985 943 4066 Praefidibus
959 4000 994 4066 &
1008 3994 1207 4068 nonoribus
1219 4003 1272 4089 jus
1286 3992 1430 4092 mosque
1439 3997 1617 4092 provincia
1629 3997 1810 4067 innovatur
1825 4026 1836 4064 .·
1864 4017 1936 4063 non

318 4117 397 4162 curn
414 4091 625 4190 Magistratus
639 4115 763 4163 nomen
778 4088 831 4162 vel
846 4085 966 4192 gradus
983 4089 1004 4164 s
1020 4090 1351 4172 eciesveitnmutatur
1367 4129 1378 4166 .·
1401 4117 1477 4168 non
1492 4096 1681 4166 etiamtum
1692 4093 1905 4180 domicilium
1918 4117 1938 4161 a

319 4197 450 4284 privato
459 4187 675 4262 transfertur:
702 4213 842 4278 verum,
869 4119 1133 4290 quotielittnque
1157 4195 1227 4300 ipfit
1247 4189 1448 4302 provincia,
1475 4185 1650 4267 obliterato
1671 4193 1774 4266 ferme
1795 4193 1939 4334 promine

324 4293 462 4382 jureque
476 4286 561 4372 suo,
586 4295 711 4362 unione
728 4287 841 4378 falia,
865 4291 1041 4389 provincia
1053 4293 1117 4390 elle
1131 4295 1272 4382 desinit,
1299 4298 1335 4368 to
1358 4293 1613 4392 quodammodo
1635 4297 1810 4390 perimitur
1827 4320 1834 4364 :
1861 4310 1940 4360 nem

321 4384 358 4457 id
372 4387 416 4456 est
425 4385 580 4458 innovari
596 4439 605 4460 .
631 4391 683 4460 Sic
700 4392 848 4466 Novatio
862 4393 907 4465 est
925 4397 1046 4488 prioris
1060 4392 1163 4467 debiti
1180 4395 1279 4468 'aliam
1310 4394 1345 4468 in
1373 4393 1613 4495 obligationem
1639 4392 1814 4464 transfusio
1838 4409 1941 4486 atque

226 4583 241 4597 ι
319 4483 491 4558 translatio
505 4535 518 4568 s
545 4485 611 4556 hoc
623 4488 666 4596 est
680 4542 690 4570 ‚
704 4511 784 4561 tum
798 4517 837 4563 ex
853 4493 1050 4588 precedenti
1063 4489 1157 4566 causa
1169 4493 1216 4566 ita
1231 4521 1321 4568 nova
1336 4493 1571 4576 constituitur,
1598 4515 1636 4563 ut
1650 4496 1744 4588 prior
1759 4493 1940 4587 perimatur

319 4589 343 4658 1.
363 4609 392 4655 t.
411 4593 457 4658 D.
472 4585 509 4654 do
524 4585 920 4686 novatronib.1giturhac
935 4596 1134 4686 temporaria
1143 4598 1392 4689 permutatione
1406 4587 1459 4664 seu
1474 4595 1604 4684 unione
1612 4618 1680 4663 non
1696 4589 1773 4664 ideo
1787 4596 1840 4681 jus
1853 4607 1940 4686 pto·

322 4685 439 4756 vincite
454 4687 654 4756 innovatur:
676 4685 798 4773 Quasi
815 4681 978 4774 insunt,
1007 4689 1212 4788 nmquam,
1234 4687 1621 4790 ltiehnju'sRegquem
1641 4691 1708 4762 dixi
1734 4683 1843 4761 sensus
1867 4687 1940 4770 est,

321 4781 390 4856 haec
408 4777 525 4879 species
543 4837 554 4866 ,
582 4803 654 4854 tum
669 4811 707 4856 ea
722 4812 792 4862 non
806 4787 964 4862 inutiliter
979 4790 1133 4887 deinceps
1150 4797 1183 4865 in
1196 4796 1310 4890 praxin
1322 4788 1444 4864 deduci
1459 4794 1607 4887 poterit,
1636 4789 1808 4884 siquando
1823 4785 1865 4860 de
1884 4793 1939 4860 U-

319 4885 423 4958 nione
435 4879 651 4958 Etdeliarum
665 4881 718 4962 vel
731 4883 966 4964 beneficiorum
979 4891 1094 4992 agetur
1111 4919 1119 4960 :
1135 4891 1177 4966 de
1191 4919 1263 4991 quo
1277 4891 1430 4988 alioquin
1444 4889 1605 4966 videndus
1620 4892 1721 4962 etiam
1736 4889 1939 4963 Menochius

1085 4993 1122 5064 N
1153 5017 1170 5064 2
1476 5049 1481 5054 .
1805 4997 1837 5064 6.
1855 4999 1937 5065 Pra-
