4692 5960
487 517 1725 676 1003.-³.]AC0'31G0TH0FRED1
1820 616 1825 624 '

463 701 506 764 ,6.
524 687 701 805 Ptafitmpr.
724 691 781 761 to.
797 693 831 760 δι
845 691 1046 772 Gratianum
1074 685 1338 804 disceptationum
1343 693 1467 786 fhrenfi
1478 719 1548 798 cap,
1568 701 1650 788 392·
1666 703 1729 777 Vel
1741 706 1839 780 etiam
1852 706 1877 781 fi
1892 708 1937 784 de
1955 711 2087 798 Chim:
2232 686 2235 692 .

470 812 570 873 tum,
598 791 878 870 provinciarum,
906 793 1110 885 Regnorum
1129 815 1268 862 unione
1297 791 1432 902 questio
1463 791 1528 881 stt,
1554 822 1731 893 quonam,
1755 807 1921 904 inquam,
1946 819 2018 908 jure
2045 843 2084 892 ea

388 941 395 948 .
468 887 642 973 uniofiat,
669 895 705 960 δι
720 915 761 960 an
775 890 949 984 pristinum
977 887 1096 983 cuique
1124 892 1179 982 jus
1208 882 1377 963 servetur.
1405 899 1445 964 ln
1460 917 1532 988 quo
1559 923 1757 998 argumento
1781 897 1930 982 versatur'
1955 913 2085 1016 elegans
2156 913 2162 934 '

466 985 641 1062 consilium
656 993 757 1061 Bruni
773 1015 831 1080 54.
845 985 886 1068 de
898 985 1116 1082 appellatione
1126 981 1375 1084 prosequenda:
1388 988 1422 1062 dc
1441 995 1610 1070 Arrestum
1626 1001 1722 1096 apud
1729 1002 1861 1076 Peleum
1874 1012 1974 1106 quast.
1996 1007 2077 1092 rad.

467 1087 526 1158 ubi
544 1087 610 1161 hac
623 1085 689 1184 ipsa
705 1094 788 1202 Reg.
804 1075 982 1188 allegatur.
1010 1091 1049 1156 In
1063 1084 1249 1182 eodemque
1275 1113 1476 1188 argumento
1491 1090 1636 1170 versatur
1667 1111 1908 1182 commentatio
1935 1109 2080 1188 Alberici

465 1185 626 1272 Gentilis,
652 1187 693 1260 de
709 1215 826 1260 unione
838 1189 1016 1286 Repnorum
1028 1184 1200 1257 Britannia
1215 1241 1223 1257 .
1236 1194 1365 1260 Verum
1380 1191 1414 1262 in
1430 1189 1479 1264 his
1495 1214 1672 1294 utramque
1683 1198 1788 1274 ferme
1798 1207 1952 1303 paginam
1976 1209 2081 1287 facete

468 1280 551 1356 solet
570 1291 728 1384 Principis
741 1289 883 1358 unientis
897 1281 1090 1368 albinium,
1117 1305 1282 1381 tenorque
1293 1291 1451 1373 unionis,
1477 1295 1659 1392 populique
1683 1297 1905 1396 obsequium.
1932 1317 2077 1384 Genera-

467 1381 508 1456 lis
519 1407 606 1458 certe
619 1387 685 1460 haec
701 1386 864 1458 distinetio
880 1382 1019 1456 tenenda
1035 1435 1048 1468 ,
1074 1409 1157 1454 num
1176 1389 1262 1456 unio
1278 1385 1362 1458 satia
1388 1387 1488 1460 fixerit
1503 1417 1596 1488 eque
1611 1397 1836 1502 primipaliter
1852 1457 1863 1488 ,
1890 1404 1938 1480 ste
1952 1431 1989 1480 ut
2004 1437 2075 1486 non

466 1508 533 1555 una
548 1491 651 1585 magis
665 1511 767 1582 quam
782 1484 879 1555 altera
895 1483 986 1554 alteri
1002 1477 1215 1574 subjiciatur,
1236 1511 1279 1556 an
1295 1512 1375 1558 vero
1390 1483 1594 1580 subieuive,
1620 1521 1780 1594 perpetuo
1793 1547 1801 1580 r
1827 1507 1863 1573 δι
1879 1504 2071 1585 accessorio.

465 1587 561 1656 Unio
573 1580 691 1656 scilicet
706 1579 791 1654 sabla
805 1579 973 1656 accessorio
985 1581 1077 1653 alteri
1092 1605 1247 1677 operatur
1264 1589 1498 1660 extinctionem
1513 1598 1548 1662 δε
1562 1589 1817 1692 supprelsronem
1833 1603 1921 1676 tituli
1948 1613 1984 1678 &
2009 1637 2073 1680 no.

462 1684 680 1764 mirabundi,
706 1683 917 1777 &judicatur
931 1705 970 1753 ut
983 1681 1144 1777 predium
1155 1686 1223 1773 ejus
1235 1686 1290 1756 cui
1306 1681 1341 1756 fit
1356 1690 1438 1758 unio
1455 1717 1462 1759 ι
1489 1689 1530 1763 de
1544 1720 1615 1790 quo
1631 1722 1664 1768 v.
1685 1699 1771 1770 inter
1785 1698 1865 1774 alios
1882 1702 2074 1783 Oldradum·

459 1782 546 1870 confi
566 1787 646 1870 287.
660 1811 752 1856 num.
772 1810 828 1855 12.
844 1788 880 1852 δι
893 1781 968 1877 post
982 1781 1062 1852 alios
1075 1778 1201 1852 Bellum
1216 1789 1316 1878 confil.
1333 1811 1351 1880 5
1358 1813 1394 1876 9.
1409 1815 1498 1860 num.
1514 1799 1573 1865 ult.
1589 1805 1629 1876 ῤ’
1648 1823 1659 1868 1
1669 1825 1689 1887 9
1694 1823 1727 1890 5.
1742 1825 1831 1872 num.
1852 1808 1912 1874 ult.
1939 1809 2071 1881 Contra
2122 1835 2130 1870 :

420 1901 424 1906 ’
460 1880 506 1950 est
521 1929 530 1958 ‚
558 1909 636 1954 curn
655 1881 696 1955 lic
709 1879 897 1956 adunantur
916 1907 949 1952 v.
960 1907 994 1980 g.
1010 1875 1103 1950 sacra
1118 1879 1200 1952 aedes
1215 1930 1224 1960 ,
1240 1904 1278 1952 ut
1292 1907 1409 1958 neutra
1423 1881 1584 1978 subjaceat
1601 1891 1691 1968 alteri
1706 1951 1717 1981 ,
1731 1891 1786 1968 sed
1797 1899 1956 1972 ambabus
1971 1899 2070 1980 suum

445 1978 593 2052 titulum
607 1981 746 2079 gradum
774 2009 816 2052 ue
831 1977 1045 2052 retinentibus
1055 1978 1145 2050 idem
1162 1999 1292 2056 turtum
1307 1985 1452 2057 minister
1474 1996 1707 2089 preponitur,
1732 2021 1801 2101 cap.
1822 2025 1853 2072 r.
1869 2003 1989 2091 aesede
2002 2033 2065 2076 va-

456 2103 549 2166 cante
565 2086 600 2150 δι
617 2082 661 2152 ibi
675 2009 772 2154 Glos.
781 2083 840 2152 Per
852 2079 937 2150 hanc
949 2081 1037 2150 euim
1053 2080 1227 2150 Unionem
1241 2086 1337 2154 unius
1362 2083 1507 2158 Eccleliae
1526 2091 1568 2162 ad
1582 2092 1735 2180 alteram,
1762 2123 1832 2168 non
1860 2103 2068 2178 ALTERA.

339 2192 361 2247 Ἃ
456 2181 561 2250 TUR
576 2183 754 2253 STATUS
770 2175 914 2252 ecclelia
930 2211 945 2250 .·
967 2173 1021 2250 sed
1034 2176 1130 2250 debet
1143 2179 1177 2248 iu
1196 2181 1252 2252 tali
1264 2181 1403 2256 Ecclesia
1418 2209 1512 2258 more
1525 2185 1621 2264 solito
1636 2190 1811 2277 deserviri,
1837 2203 1872 2268 δε
1891 2199 1975 2272 illius
1987 2210 2006 2280 J
2011 2207 2066 2275 U-

459 2277 526 2346 RA
545 2301 679 2350 manent
693 2277 836 2364 illibata,
865 2276 975 2348 Abbas
993 2324 1003 2357 ‚
1027 2300 1085 2370 per
1102 2299 1225 2348 textum
1240 2279 1285 2350 ibi
1299 2281 1335 2352 in
1351 2308 1423 2387 cap.
1439 2289 1606 2384 expofirissi
1622 2321 1760 2379 numa.
1781 2298 1819 2368 de
1829 2297 1976 2400 pubenti.
1993 2309 2061 2376 &m

455 2378 492 2442 dt
511 2377 584 2470 post
597 2375 682 2448 alios·
693 2377 829 2458 Balbus,
855 2381 956 2472 constl.
977 2403 988 2446 1
1000 2401 1054 2470 ῃ.
1079 2403 1112 2447 n.
1143 2404 1177 2450 a.
1200 2381 1395 2477 Exemplum
1420 2411 1561 2485 quoque
1575 2393 1670 2489 'apud
1690 2398 1893 2496 Gregotium
1907 2401 1968 2473 ΡΙ).
1993 2405 2062 2476 Re-

481 2473 549 2545 istri
568 2475 626 2546 lib.
657 2503 690 2548 2.
716 2505 755 2548 ca
777 2529 786 2548 .
844 2503 873 2550 1.
2041 2519 2044 2524 ’

457 2495 481 2572 g
509 2575 623 2670 Atque
637 2575 704 2648 haec
721 2503 919 2672 qtiideinita
933 2575 1020 2647 diua
1038 2571 1124 2648 smt.
1151 2580 1265 2664 Nam,
1292 2581 1387 2679 quod
1401 2609 1485 2681 pene
1499 2583 1699 2678 omiseram,
1725 2593 1773 2665 nil
1786 2597 1887 2668 etiam
1900 2625 1979 2672 cum
1999 2600 2061 2677 bae

453 2671 543 2770 Reg.
560 2674 746 2771 quidquam
760 2700 940 2750 commune
951 2675 1074 2755 habet,
1098 2678 1193 2772 quod
1207 2679 1364 2781 Bulgarus
1378 2683 1430 2758 bic
1447 2713 1585 2786 quoque
1604 2689 1733 2778 adfert,
1761 2694 1923 2792 quodque
1940 2697 2058 2772 defini-

449 2780 505 2840 tur
530 2777 553 2844 Ι.
568 2772 658 2845 circa
677 2776 848 2849 locationes
883 2803 937 2866 19.
957 2777 1031 2847 Cod.
1047 2777 1084 2846 de
1095 2781 1222 2864 locato,
1249 2785 1336 2854 circa
1349 2779 1531 2860 locationes
1544 2811 1642 2886 atque
1656 2791 1896 2866 conductiones
1911 2801 2058 2872 maxime

447 2863 548 2942 fidem
564 2877 753 2947 contradus
768 2871 1186 2955 strvmduneffe‚s1nihil
1201 2873 1377 2974 specialiter
1389 2890 1586 2982 exprimatur
1599 2912 1716 2962 contra
1726 2895 2056 2970 CONSUETUDI·

447 2969 554 3042 NBM
573 2976 792 3048 REGIONIS
807 3009 817 3048 :
833 2975 938 3065 Quod
954 2971 1041 3046 stalli
1054 2971 1235 3049 remiserint
1251 3003 1369 3053 contra
1380 2983 1486 3086 legem
1500 2991 1689 3062 contractus
1704 3013 1804 3090 atque
1811 2996 1955 3096 regionis
1969 3021 2056 3072 coo·

446 3059 674 3155 suetudinem,
699 3073 876 3174 pensonts
888 3130 903 3161 ,
927 3073 993 3148 boc
1010 3073 1080 3146 aliis
1099 3075 1326 3172 praejudicium
1341 3077 1455 3160 afferre
1469 3113 1541 3160 non
1556 3083 1665 3185 posse.

893 3283 947 3351 De
971 3281 1142 3365 MUTO,
1168 3279 1355 3364 SURDO‚
1374 3289 1581 3360 FURIOSO
1592 3342 1605 3362 .

710 3478 874 3550 Cxxlv.
901 3475 1085 3550 PAULUS
1105 3481 1152 3570 (1)
1180 3473 1259 3550 libro
1275 3477 1487 3570 sixtodecirna
1512 3487 1558 3558 ad
1582 3485 1758 3562 Midan.

441 3660 511 3736 vbi
525 3670 743 3760 nonvaceftd
751 3673 914 3777 prasentia
939 3677 992 3788 (ι)
1021 3701 1095 3792 opus
1111 3677 1153 3772 est
1161 3727 1171 3760 ,
1186 3685 1331 3778 mutnsfi
1342 3682 1535 3758 intelleslunt
1547 3681 1636 3758 halet
1652 3739 1663 3770 ‚
1677 3687 1784 3800 ¹potest
1795 3685 1901 3762 videri
1922 3685 2042 3803 respa»

488 3764 588 3837 dere:
613 3769 703 3840 Idem
716 3771 752 3844 in
759 3773 885 3864 surdo:
911 3775 964 3844 hac
978 3777 1108 3872 quadem
1123 3790 1162 3862 cb*
1178 3779 1355 3882 respondere
1383 3787 1432 3878 (3)
1481 3788 1578 3878 otest.
1605 3785 1752 3877 Furiosus
1770 3793 1818 3883 (4)
1843 3787 1974 3886 alffentts
1996 3795 2042 3862 le·

487 3889 526 3936 ca
544 3865 608 3960 est.
633 3876 680 3942 Et
693 3871 742 3946 in
758 3873 950 3980 Pomponius
973 3873 1060 3950 libro
1077 3881 1188 3976 ptimo
1206 3883 1424 3978 Epistularum
1453 3883 1571 3962 cribit.

516 4090 560 4167 (ι)
580 4092 720 4173 Ulpianus
741 4093 887 4162 Haloand.
929 4105 970 4182 (a)
992 4119 1125 4172 remum.
1168 4109 1210 4186 (3)
1233 4105 1388 4189 respendial
1409 4108 1558 4178 Heloend.
1579 4111 1675 4177 male.
1715 4117 1756 4194 (4)
1775 4131 1889 4180 tutem.

433 4278 684 4441 MUTUM
700 4276 786 4348 inter
798 4279 1080 4376 SURDUMQU
1083 4293 1108 4360 E
1124 4293 1160 4362 &
1173 4291 1447 4378 Fumosott,
1474 4297 1570 4370 unica
1580 4291 1780 4379 differemia,
1804 4295 1865 4368 bac
1878 4317 2044 4394 quartaex

549 4372 748 4448 Edistalibus
761 4381 849 4477 Regi
865 4385 951 4478 (quae
966 4411 985 4456 a
1001 4385 1139 4459 Bafilicis
1153 4387 1250 4484 abest)
1266 4388 1309 4462 ad
1325 4390 1463 4482 judicia
1471 4397 1728 4488 pertinentibus,
1743 4399 1955 4469 continetur.-
1969 4401 2043 4470 uni-

430 4493 470 4539 ta
485 4513 497 4547 ι
522 4471 684 4568 inquam,
712 4499 882 4572 perperam
898 4485 987 4555 enim
999 4485 1156 4568 haetenus
1170 4493 1205 4561 in
1218 4490 1298 4562 duas
1312 4515 1350 4563 ea
1364 4483 1537 4566 sententias
1552 4489 1604 4568 seu
1620 4497 1843 4594 paragraphus
1855 4495 2043 4570 divelliturt

429 4569 501 4660 pari
514 4595 649 4658 etrore,
675 4597 747 4667 quo
763 4575 834 4648 duae
847 4579 914 4652 alia
927 4579 1014 4682 leges
1027 4585 1093 4657 hoc
1105 4581 1178 4681 ipso
1190 4587 1290 4662 ritulb
1308 4593 1427 4686 pariter
1442 4593 1477 4663 in
1493 4593 1574 4666 duas
1595 4595 1740 4693 Regulas
1766 4583 1937 4680 secantur,
1963 4617 2043 4689 puta

429 4665 484 4735 lex
499 4698 561 4760 43‘
569 4671 660 4776 supr.
678 4675 713 4744 δι
727 4677 753 4746 ἱ,
773 4701 852 4764 172.
865 4679 944 4776 infr.
963 4685 1045 4757 Hac
1061 4684 1170 4757 nostra
1184 4711 1221 4757 ut
1234 4689 1457 4788 intelligatur,
1484 4687 1656 4765 sciendum
1669 4695 1735 4778 est,
1763 4691 1833 4765 duo
1862 4689 1923 4766 effe
1937 4719 2041 4792 nego·

422 4765 556 4840 ¹riorum
571 4769 797 4846 bumanorum
817 4803 957 4874 genera,
984 4781 1035 4856 vel
1051 4785 1152 4856 etiam
1164 4788 1199 4857 in
1212 4787 1332 4858 eodem
1355 4791 1480 4888 negotii
1517 4819 1613 4866 enere
1627 4791 1772 4888 duplices
1783 4795 1890 4864 telus:
1920 4797 2041 4864 Unum

424 4883 534 4965 genua
548 4891 666 4944 eorum
679 4878 893 4975 negotiorum
906 4885 942 4953 δι
957 4883 1092 4960 aarum
1103 4886 1161 4960 ubi
1177 4911 1263 4962 voce
1275 4911 1359 4986 opus
1383 4889 1447 4979 est,
1471 4819 1564 4965 idest
1578 4943 1592 4978 ,
1616 4915 1696 4984 arpa
1709 4919 1880 4983 neptunu,
1899 4891 2040 4984 svm

1932 5015 2039 5064 exter-
