4692 5960
734 310 737 320 ·
873 291 896 331 ο

637 403 694 488 '2

556 521 574 585 εΙ
711 547 743 556 -.
1598 581 1609 590 ¹

419 628 559 692 106·
762 613 1670 696 ''JACOBIGOTHOFR'EDI

413 718 474 792 hac
486 744 546 798 re.
572 717 631 818 qui
647 709 710 791 etsi
717 725 786 789 redi
795 717 902 800 emit,
929 741 1001 786 non
1013 712 1185 788 voluntate
1198 726 1310 787 tamen
1327 712 1509 790 'venditoris
1523 719 1639 792 nactis
1653 716 1698 793 est
1710 711 1962 818 potseffionein,
1978 741 2019 798 ιε

412 809 538 894 Pauus‘
548 823 611 918 ist
622 809 873 924 astipulatione
886 841 923 912 5.
938 811 1047 890 1)..ᾰὶ
1056 811 1187 912 adquin
1200 811 1312 917 paffeffl
1444 906 1447 912 Ι

909 1015 1249 1100 Loculi-„itm
1272 1012 1346 1118 quis
1368 1041 1431 1090 non
1446 1017 1515 1114 fit.

935 1213 968 1294 i.
992 1209 1234 1313 Locupletiot,
1265 1237 1298 1290 i.
1323 1219 1366 1292 L.
1395 1221 1476 1292 126.

556 1431 571 1448 “
713 1409 917 1524 locupletior
940 1441 1003 1488 non
1027 1411 1071 1511 est
1084 1415 1216 1514 salius,
1239 1411 1300 1516 qni
1321 1410 1472 1498 lilerium
1491 1411 1703 1517 adqur'jiea't.
1795 1501 1798 1508 ,

400 1611 406 1643 '⁴
462 1614 600 1688 Ecunda
626 1605 808 1690 differentia
820 1605 1099 1788 inremffljsirm
1108 1641 1165 1720 pri
1180 1598 1288 1689 hrode
1301 1622 1339 1690 de
1344 1613 1540 1720 possidentem
1548 1639 1604 1719 pro
1616 1611 1791 1718 poffifforr,
1816 1602 1874 1690 seu
1893 1614 2015 1718 prad.

407 1808 418 1828 ι
465 1743 576 1836 ρηιηι,
601 1713 636 1788 iti
659 1713 818 1810 petitione
830 1709 908 1830 liet·
932 1718 938 1730 '
957 1719 1033 1800 atis,
1059 1713 1214 1831 heresis·
1230 1716 1337 1812 Quod
1350 1720 1408 1813 qui
1422 1713 1512 1788 bona
1525 1713 1587 1788 fide
1600 1723 1708 1829 &pro
1720 1715 1837 1789 herede
1848 1713 2015 1811 poffidet,

407 1833 442 1882 in
464 1805 498 1885 id
524 1813 681 1886 duntaxat
705 1835 875 1895 teneatur,
898 1843 933 1886 in
955 1813 1050 1910 quod
1065 1821 1249 1920 locupletior
1275 1813 1379 1888 fanus
1402 1817 1447 1886 est
1465 1841 1503 1890 eit
1526 1841 1563 1887 ea
1583 1815 1778 1890 hereditate:
1804 1825 1882 1904 Qua
1904 1814 1946 1887 de
1978 1841 2015 1888 re

401 1933 537 1984 cautum
558 1911 621 1986 fuir
640 1906 777 2008 expresse
799 1909 1090 1987 Senatusconsusto
1110 1909 1170 1986 sub
1191 1909 1361 1994 Hadriano
1389 1912 1557 1999 condito,
1582 1914 1677 2012 quod
1699 1913 1862 2008 Ulpianus
1889 1912 2013 1988 eodeni

400 2006 487 2082 libro
521 2034 577 2104 15.
595 2013 637 2085 ad
658 2011 817 2086 edietum
839 2035 1004 2084 memorat
1027 2017 1221 2090 1.20.§.6.
1244 2023 1291 2088 D.
1307 2015 1471 2088 deihirad.
1491 2011 1583 2116 petit.
1609 2012 1769 2110 quodque
1786 2009 1932 2107 pluribus
1955 2015 2011 2084 in-

247 2105 268 2135 ''
400 2128 598 2205 terpretatur
610 2113 728 2188 eodem
739 2111 869 2184 libroin
886 2117 908 2186 l.
925 2136 983 2204 25.
998 2117 1059 2191 a§.
1077 2137 1132 2183 ir.
1148 2113 1193 2184 ad
1205 2115 1234 2190 §-
1256 2117 1311 2185 18.
1327 2114 1455 2211 iisque,
1480 2116 1551 2195 &s
1569 2139 1624 2199 ²7·
1653 2139 1707 2200 29.
1721 2139 1757 2183 v.
1771 2117 1844 2194 css.
1864 2137 1919 2182 aa.
1944 2139 2012 2204 23.-

398 2209 466 2294 iod.
484 2208 538 2283 tir.
552 2218 588 2282 δε
601 2210 678 2284 alias
692 2209 834 2284 similes:
852 2217 896 2282 At
910 2215 969 2306 qui
978 2233 1041 2306 pro
1051 2205 1222 2306 pollissorc
1234 2207 1396 2308 pollidct,
1411 2217 1444 2286 in
1459 2234 1570 2283 totuin
1587 2234 1716 2284 tenetur
1730 2209 1807 2290 ‚etsi
1823 2210 1937 2282 exinde
1952 2210 2007 2282 lo-

400 2305 565 2400 cupletior
579 2335 649 2382 non
666 2307 726 2383 sit.
752 2312 858 2402 Cujus
874 2301 1063 2384 differentia
1077 2305 1151 2381 usus
1164 2335 1244 2383 cum
1257 2316 1365 2384 uarius
1380 2319 1417 2384 δι
1432 2309 1602 2405 multiplex
1621 2309 1677 2395 sit,
1707 2311 1820 2407 (quod
1841 2307 2009 2402 Ulpianus

399 2427 459 2500 per
475 2410 579 2478 varias
597 2403 715 2503 species
735 2409 790 2479 dd.
807 2409 857 2485 ii.
883 2407 1022 2478 ostendit
1037 2415 1061 2500 )Ι
1079 2411 1124 2500 ita
1136 2402 1218 2502 stepo
1242 2413 1425 2482 accuratius
1443 2407 1625 2482 videndum
1642 2411 1711 2488 esi,
1736 2405 1833 2506 quale
1864 2405 1902 2478 sit
1929 2403 2012 2482 illud

399 2503 496 2600 quod
509 2503 630 2578 dicitur
649 2502 899 2600 locupletiorem
915 2529 1018 2602 quern
1040 2503 1185 2578 sisium:
1209 2505 1347 2602 exempli
1363 2509 1494 2606 gratia,
1519 2509 1708 2601 quaritur,
1734 2531 1848 2580 utrum
1877 2509 1936 2601 qui
1966 2507 2012 2580 li-

399 2599 533 2674 bertum
549 2603 723 2700 adquisivit
749 2603 949 2700 locupletior
978 2601 1084 2677 sirius
1104 2601 1275 2678 viduatur:
1303 2603 1491 2681 Mutum.
1515 2606 1678 2700 inquam,
1693 2629 1774 2688 ‚non
1805 2629 1841 2678 ut
1870 2605 2012 2703 vulgata

403 2697 485 2774 olim
499 2697 681 2790 habebant,
706 2699 861 2778 liberum:
888 2709 940 2776 Ut
953 2701 1094 2798 proinde
1106 2725 1171 2776 una
1185 2701 1281 2776 litura
1291 2701 1513 2802 expungcodae
1525 2701 1589 2778 sint
1605 2725 1753 2776 veterum
1767 2703 1808 2782 ad
1823 2704 1907 2775 lianc
1919 2711 2009 2804 leeg.

401 2799 707 2896 interpretationes,
734 2801 888 2876 &altera
912 2799 1077 2888 Aceutsii,
1102 2803 1283 2896 Deciiquea
1307 2805 1359 2876 Ac
1386 2802 1584 2874 nominatim
1608 2827 1728 2877 eorum
1742 2796 1921 2886 sententia,
1947 2805 2011 2899 qui

395 2896 486 2974 liano
495 2901 660 3002 Regulam
678 2901 826 2980 referunt
842 2901 884 2974 ad
895 2921 1129 3001 argumentum
1143 2895 1370 2997 adquisitionis
1383 2925 1441 2995 per
1455 2897 1730 3000 adrogationem..
1756 2902 1852 3002 Finge
1874 2903 2005 2998 igitur,

398 3021 475 3072 cum
495 3023 530 3072 tu
544 3022 607 3097 pro
623 2997 742 3076 herede
767 2999 945 3100 possidetes
960 2995 1194 3080 hereditatem.
1211 3006 1288 3092 ejus
1311 2999 1495 3074 hereditatis
1511 2995 1639 3072 sertum
1667 2999 1899 3072 manumifistia
1924 3001 2009 3074 Sane

398 3089 467 3172 lioc
483 3095 572 3173 facto
588 3096 743 3196 libertum
770 3097 991 3198 adquisivisti,
1020 3102 1056 3172 &
1073 3096 1116 3171 fic
1129 3102 1202 3192 jura
1232 3101 1447 3172 Patronatus:
1474 3103 1568 3189 cujus
1584 3100 1672 3170 uaria
1700 3093 1775 3172 sunt
1801 3099 2004 3184 commoda,

368 3285 385 3292 -
394 3219 478 3292 puta
493 3192 688 3296 obsequium
704 3255 715 3287 ,
741 3224 849 3297 opera
865 3245 876 3280 .
901 3197 1046 3295 denique
1070 3196 1190 3294 (quod
1204 3194 1431 3292 potiffimum)
1459 3201 1628 3270 bonorum
1642 3191 1898 3273 &successionis
1912 3223 2006 3268 coin.

394 3294 558 3378 modurn,
584 3297 625 3370 de
641 3323 713 3396 quo
727 3295 803 3372 sunt
819 3298 906 3371 tituli
920 3295 1095 3398 singulares
1109 3300 1144 3369 in
1158 3301 1255 3388 jure.
1281 3303 1358 3376 Jam
1373 3301 1381 3368 i
1406 3299 1474 3370 itur
1484 3300 1642 3394 quaritur
1654 3343 1662 3372 t
1675 3320 1789 3370 utrum
1804 3320 1937 3369 eatenus
1950 3295 2007 3367 lo-

398 3394 562 3490 cupseiior
576 3396 682 3472 factm
693 3395 848 3470 censearis
865 3417 980 3492 rupto
997 3393 1121 3468 herede
1129 3391 1294 3492 pollidens
1307 3404 1364 3482 ,dt
1380 3323 1422 3468 ic
1439 3419 1552 3474 utrum
1567 3396 1682 3468 &stoc
1698 3399 1893 3477 patronatus
1910 3421 2007 3480 coin·

393 3491 537 3568 moduni
550 3499 585 3568 in
600 3495 787 3570 hereditatis
806 3496 1046 3568 restitutionem
1059 3497 1189 3578 veniat?
1215 3493 1358 3592 quuod
1372 3495 1431 3568 liae
1449 3493 1471 3568 l.
1492 3517 1652 3594 negatur,
1678 3499 1749 3565 imo
1773 3494 1928 3566 definitur
1951 3495 2004 3566 lo·

398 3589 614 3688 cupletiorem
629 3617 700 3668 non
714 3589 775 3666 eslii
787 3595 935 3675 fidium.
962 3598 1026 3692 qui
1033 3587 1191 3670 libertum
1200 3593 1390 3693 adquifietit
1407 3621 1416 3667 a
1443 3592 1508 3666 sive
1524 3595 1613 3666 enim
1634 3593 1762 3670 nodum
1777 3601 1827 3687 ius
1843 3599 2005 3666 Patrona-

394 3694 448 3764 ὡς
467 3685 613 3788 speclei,
639 3693 673 3766 id
688 3693 934 3770 aestnmtionem
949 3721 1020 3768 non
1042 3693 1186 3791 recipit,
1216 3690 1269 3768 seu
1289 3693 1397 3766 liberti
1422 3691 1597 3789 adquisitio
1625 3693 1771 3766 aestimati
1787 3721 1857 3764 non
1872 3691 2002 3788 potest:

392 3787 538 3888 denique
550 3792 662 3867 dando
677 3788 860 3868 libertatem
877 3821 915 3868 eii
938 3797 1084 3868 nummis
1099 3791 1296 3892 locupletior
1323 3819 1393 3866 non
1410 3790 1471 3874 fit,
1497 3799 1521 3866 l.
1537 3794 1693 3866 naturalis
1706 3819 1738 3884 5.
1753 3795 1782 3870 §-
1795 3798 1855 3864 nlr.
1881 3793 2002 3881 juncto

391 3891 578 3987 principio,
595 3901 641 3968 D.
654 3889 870 3999 deprascript.
883 3893 969 3969 verb.
982 3900 1005 3966 l.
1022 3919 1053 3968 a.
1063 3904 1110 3969 D.
1120 3898 1165 3969 'de
1175 3895 1285 3968 inrm
1295 3893 1384 3984 uersu
1400 3945 1411 3980 ,
1428 3897 1451 3965 s.
1468 3921 1500 3968 2.
1518 3903 1565 3968 D.
1575 3883 1718 3990 quilii
1728 3890 1832 3964 libert.
1842 3891 2002 3992 poclum..

392 3990 428 4058 δι
443 3982 637 4080 beneficium
652 3995 696 4068 est
710 3991 810 4090 ipsius
824 3989 1092 4067 manumissoris:
1119 3997 1143 4070 l.
1162 4001 1221 4086 64.
1237 3996 1266 4072 5.
1285 4017 1319 4088 5.
1333 4003 1379 4067 D.
1388 3994 1448 4084 fias.
1463 3993 1644 4066 matrimon.
1671 4015 1778 4088 neque
1794 3987 1895 4064 loculi
1923 3985 2001 4062 ideo

390 4083 555 4182 pleniores
569 4087 783 4176 cfficiuntur,
800 4092 866 4167 sive
879 4118 1055 4188 operarum
1067 4102 1102 4167 δι
1113 4087 1284 4166 bonorum
1297 4093 1519 4166 commodum
1534 4087 1655 4186 species
1672 4137 1681 4164 .
1697 4095 1764 4182 jam
1784 4089 1921 4170 lucrum,
1931 4086 1999 4162 lioc

389 4207 479 4258 eitra
494 4188 706 4264 hereditatem
720 4194 764 4264 est
778 4193 814 4262 dc
826 4191 1046 4266 adventitium
1055 4187 1211 4290 prorsus:
1236 4192 1380 4288 denique
1395 4191 1550 4270 lucrum,
1577 4213 1614 4260 ut
1640 4211 1779 4262 vocatur
1796 4189 1824 4263 §.
1838 4209 1932 4288 prox.
1957 4183 2000 4260 de

392 4307 465 4380 quo
480 4311 559 4361 mox
586 4289 714 4391 Regula
735 4286 890 4386 sequente
911 4289 1054 4388 plenius.
1082 4295 1164 4367 Sane
1179 4297 1214 4362 δι
1230 4287 1305 4361 ideo
1333 4312 1493 4384 quoque.
1517 4313 1595 4360 cum
1612 4287 1808 4360 donationes
1829 4284 2000 4360 constante

393 4392 611 4462 matrimonio
625 4397 711 4464 iuter
726 4397 826 4483 conju
845 4389 1048 4464 camoribus
1064 4387 1313 4487 prohibitarum
1332 4390 1386 4476 (ne
1402 4382 1721 4484 alioquimmutuato
1739 4410 1854 4458 amore
1864 4391 1900 4455 δι
1914 4407 1996 4480 pto.

388 4477 459 4556 fusa
473 4489 616 4564 invicem
630 4517 708 4590 erga
723 4485 755 4562 se
770 4417 920 4562 factitare
938 4497 1095 4590 coniuges
1110 4485 1314 4585 spolientur)
1343 4511 1487 4558 attamen
1515 4483 1776 4562 manumissionis
1796 4479 1914 4562 causa,
1941 4478 1995 4558 seu

372 4605 428 4668 ,ut
439 4582 574 4662 libertus
587 4590 780 4686 adquiratur
795 4638 805 4671 ,
831 4589 969 4662 donatio
983 4593 1071 4668 inter
1083 4597 1243 4690 coniuges
1256 4587 1422 4684 prohibita
1435 4613 1505 4660 noti
1518 4587 1563 4656 est
1572 4640 1583 4670 ‚
1608 4591 1630 4658 s.
1645 4611 1678 4668 7.
1691 4589 1719 4662 i.
1742 4610 1815 4688 pen.
1831 4589 1892 4656 ult.
1919 4607 1994 4657 cun
2033 4637 2038 4640 -

389 4687 483 4764 duab.
496 4699 530 4768 ll.
539 4691 628 4805 seqq.
644 4699 689 4763 D.
702 4691 742 4762 de
757 4691 864 4761 donar.
879 4688 941 4761 int.
951 4689 1019 4762 vir.
1035 4697 1075 4770 &v
1086 4715 1180 4760 uxor.
1199 4694 1222 4760 l.
1244 4713 1300 4762 22.
1314 4700 1356 4761 ·C.
1373 4689 1440 4758 ead.
1458 4691 1481 4758 l.
1492 4696 1530 4770 a}
1546 4685 1667 4781 definit.
1684 4687 1839 4776 Μίκκα
1851 4681 1996 4758 matrim.

391 4793 425 4856 δι
445 4783 561 4868 Paulis
574 4789 630 4864 ub.
649 4815 680 4860 2.
688 4787 770 4879 sent.
787 4787 840 4860 tir.
860 4817 915 4884 23.
928 4793 957 4866 i.
976 4815 1006 4860 i.
1025 4785 1082 4860 ubi
1097 4791 1211 4880 prater
1226 4784 1382 4864 libertatis
1397 4785 1546 4860 savorem
1568 4787 1652 4858 lianc
1669 4781 1871 4882 potissimum
1895 4785 1996 4852 ratio·

390 4909 470 4981 spem
483 4893 623 4993 allegat,
650 4885 747 4992 quod
763 4913 865 4964 tiemo
880 4915 918 4964 ex
930 4888 990 4963 hac
1005 4887 1189 4965 donatione
1201 4881 1256 4958 fiat
1270 4882 1468 4985 locupletior
1487 4935 1497 4957 .
1521 4881 1603 4958 ideo
1618 4889 1717 4960 etiam
1728 4879 1826 4956 abeo
1841 4883 1901 4980 qui
1928 4873 1998 4952 ser-

460 5043 462 5048 .
1918 5003 2001 5055 vuiti
