4724 5930
446 577 470 648 8
636 491 706 638 iia*
798 573 1672 660 JA'COBIGOT'HOFREDI

444 699 519 770 quo
529 671 662 746 initium
679 690 795 764 capere
810 699 882 775 nen
894 695 1099 770 potuerunt:
1125 681 1279 776 Denique
1294 707 1442 778 quorum
1455 681 1524 754 dies
1538 688 1693 764 nondum
1710 681 1799 758 ccllit
1814 677 1826 758 .⁴

490 777 571 844 Nus
597 765 903 853 differentiarum&
916 773 1170 856 ‚diffluujonum
1181 779 1314 854 istarum
1329 785 1497 858 veritatem
1517 807 1576 877 per
1587 783 1760 886 singulares
1767 777 1858 856 casus
1870 784 2051 866 nonnullos

448 871 643 944 stabiliamus
662 926 671 955 .
698 877 739 944 Et
752 878 864 969 primo
875 876 1016 970 quidem
1023 879 1064 956 ‚in
1078 878 1128 950 his
1142 905 1215 974 quae
1228 874 1325 950 semel
1338 879 1458 955 utiliter
1470 886 1781 965 CONSTITUTA
1807 911 1878 956 non
1898 885 1974 958 ideo
1995 891 2050 965 in-

445 971 615 1044 tercidunt
623 972 724 1067 :quod
735 969 828 1054 casus
840 973 896 1052 ille
908 979 1013 1048 extitit
1025 1005 1046 1048 a
1065 1003 1137 1073 quo
1151 981 1282 1052 initium
1302 1004 1421 1074 capere
1445 1007 1515 1054 non
1537 1007 1746 1078 potuerunt.
1773 987 1925 1063 Primum
1944 989 2050 1084 igitur

445 1070 634 1167 exemplum
647 1067 829 1170 suppeditat
842 1080 877 1147 in
889 1079 929 1156 N
932 1079 1029 1172 uptiis
1038 1071 1181 1173 casuque
1186 1079 1313 1172 furoris
1324 1080 1475 1152 existente
1488 1077 1542 1154 len
1556 1079 1818 1180 superveniente,
1832 1084 1905 1177 post
1917 1086 2047 1178 nuptias

446 1162 546 1250 semel
563 1171 906 1264 utiliter-contradas,
933 1174 982 1246 lex
992 1201 1083 1280 parra
1087 1176 1212 1270 furioso
1229 1182 1261 1253 8.
1281 1189 1326 1254 D.
1340 1179 1440 1252 dehis
1454 1183 1684 1279 quifirnrsni:
1711 1208 1776 1274 una
1794 1207 1877 1256 ¹cunr
1907 1186 1931 1253 l.
1948 1186 2047 1274 furor

445 1276 484 1344 8.
494 1273 737 1375 desponsalibus
749 1309 764 1355 ‚'
776 1281 803 1355 J.
814 1275 953 1360 oratioue
966 1303 983 1351 ,1
994 1286 1027 1348 6.
1042 1276 1078 1348 in
1103 1305 1149 1348 tn.
1165 1279 1336 1351 Dderr'ru
1353 1281 1540 1384 nuptiarum
1554 1315 1565 1354 .·
1593 1279 1735 1366 scilicet,
1759 1277 1817 1352 etsi
1835 1277 1930 1352 furor
1943 1278 2045 1376 spon-

447 1367 564 1451 saluus
580 1374 888 1469 impedimentosrt,
914 1399 1023 1472 neque
1033 1379 1284 1452 matrimonium
1298 1381 1448 1452 contrahi
1462 1379 1545 1452 finat
1561 1427 1571 1458 ,
1592 1377 1736 1452 furiosus
1751 1377 1896 1477 denique
1909 1407 2046 1461 uxorem

447 1471 566 1546 ducere
577 1500 648 1552 nun
658 1473 784 1570 pollii,
806 1497 920 1555 :tamen
935 1474 1281 1563 sutotinterveniens‚
1303 1503 1379 1570 non
1392 1475 1535 1552 infirmat
1547 1474 1728 1578 sponsalia,
1754 1481 1964 1552 contrabium
1993 1507 2046 1553 re·

449 1575 502 1646 ua
511 1573 762 1652 mltrimunium
769 1577 842 1660 tion
853 1575 995 1672 impedit
1009 1603 1018 1646 ε
1043 1581 1115 1648 imo
1122 1572 1268 1656 ‚furiosus
1293 1572 1410 1648 retinet
1418 1580 1677 1652 'matrimonium
1692 1637 1702 1667 ‚
1724 1582 1846 1652 retinet
1866 1577 1987 1650 liberos
2006 1583 2045 1658 iii

422 1747 426 1752 ,
446 1673 626 1766 potestate:
647 1678 742 1760 Quia
751 1670 871 1748 scilicet
883 1676 1030 1766 censensu
1045 1672 1141 1748 semel
1151 1679 1404 1772 matrimonium
1421 1677 1566 1770 ,constitit
1586 1685 1625 1758 ,dc
1638 1679 1855 1760 constitutum
1872 1675 1960 1756 fuit.
1988 1683 2045 1752 Se-

446 1771 596 1848 cundum
604 1773 789 1869 exemplum
796 1778 835 1848 'in
850 1767 1014 1850 Cautione
1025 1774 1152 1866 §judicio
1168 1774 1229 1844 srsti
1243 1769 1424 1872 ,casuque
1428 1781 1630 1870 facultatum
1643 1784 1812 1852 auilzrum
1821 1777 1871 1849 vel
1886 1779 2047 1852 imminu·
2152 1825 2156 1832 ·

337 1893 342 1902 “
441 1879 555 1942 tantm
565 1873 601 1942 in
614 1865 661 1968 sp.
676 1879 698 1946 l.
706 1875 874 1966 sciendmri
885 1905 902 1948 r
912 1904 944 1970 5.
957 1878 986 1953 §-
1001 1878 1060 1945 ult.
1077 1883 1124 1946 D.
1135 1871 1356 1970 qnifiarrfilaere
1369 1903 1383 1954 ‚r
1405 1877 1637 1952 ‘immobilium
1656 1875 1778 1960 scilicet
1794 1871 1983 1973 pollelsotes
1998 1875 2046 1950 sa.

446 1965 647 2048 tildarenon
659 1997 830 2076 eoguntur
846 2006 854 2048 :
880 1971 1154 2074 pollellorautem
1167 1975 1241 2067 quis
1252 1967 1314 2048 n'ec
1326 1999 1368 2045 ne
1384 1971 1440 2061 stt,
1450 1999 1586 2074 tempus
1599 1983 1761 2052 cautionis
1770 1972 1980 2083 spectandum
1991 1979 2046 2052 est:

441 2095 551 2166 quare
561 2068 643 2144 sicut
653 2075 688 2154 ei
699 2077 759 2170 qui
769 2077 843 2172 post
851 2077 1044 2150 cautionem
1052 2067 1280 2168 posseffionem
1289 2072 1435 2147 vendidit
1448 2125 1458 2155 ,
1471 2077 1553 2150 nihil
1579 2077 1690 2164 obest,
1710 2083 1760 2150 ita
1783 2103 1844 2150 nec
1870 2075 2047 2172 prodestei

444 2172 595 2267 ‹pripo‘st
608 2178 797 2252 cautionem
808 2173 969 2270 poffidere
983 2177 1084 2264 cutpit
1098 2223 1106 2242 .
1133 2173 1327 2268 Exemplum
1342 2175 1377 2244 dc
1391 2179 1424 2246 in
1437 2179 1635 2278 ‘Magistraru
1659 2173 1802 2274 casuque
1824 2174 1969 2247 caritatis
1990 2169 2046 2248 su-

443 2273 675 2368 :pervenientez
700 2267 820 2346 'scilicet
834 2324 842 2352 ‚
864 2291 973 2350 eaecus
986 2271 1125 2342 retinere
1139 2274 1363 2371 magistrarum
1374 2277 1481 2368 potest
1491 2283 1557 2370 jam
1565 2303 1740 2372 coeptum,
1753 2271 1915 2370 adspirare
1926 2273 1966 2344 ad
1982 2301 2046 2346 no.

445 2393 529 2440 >vum
548 2373 880 2467 penituaprolriberur
896 2375 946 2450 „l.
967 2397 999 2441 1·
1016 2373 1043 2445 §.
1061 2371 1192 2461 ,uverfi
1204 2373 1331 2464 caſsem,
1359 2383 1405 2452 D.
1416 2378 1454 2447 de
1463 2378 1664 2479 postulando:
1684 2375 1747 2448 etfi
1775 2371 1878 2452 caecus
1896 2369 2048 2470 utrisque

442 2465 626 2546 ,luminibus
641 2473 778 2543 orbatus
788 2469 964 2566 'repellatur
973 2495 994 2546 a
1007 2467 1205 2562 postulando
1218 2465 1234 2552 ‚'
1255 2473 1411 2568 peculiari
1426 2478 1575 2552 ratione,
1598 2503 1641 2546 eo
1660 2471 1760 2570 »quod
1776 2472 1913 2571 insignit
1930 2476 2047 2570 ,Magi-

445 2569 685 2651 stratuuvidere
694 2573 884 2649 &revereri
898 2593 968 2640 non
980 2566 1082 2663 possit
1098 2617 1108 2648 ‚
1132 2569 1213 2641 ibid.
1226 2570 1422 2666 [Exemplum
1437 2575 1471 2642 iu
1480 2575 1640 2664 servitute
1659 2570 1802 2668 casuque
1815 2573 1935 2664 consuli
1941 2571 2047 2652 domi·-

340 2681 343 2688 '
446 2667 497 2740 nie'
512 2695 520 2736 t
546 2671 695 2764 Nfempe,
716 2668 745 2745 ᾗ
756 2669 915 2765 praedium
928 2691 1024 2738 tuum
1038 2667 1120 2739 mihi
1134 2663 1272 2766 serviat,
1299 2677 1333 2741 δι
1346 2668 1393 2752 ⁴stc
1410 2665 1547 2754 seruitus
1561 2673 1729 2766 constituta
1745 2671 1784 2743 srt
1796 2723 1806 2755 ‚
1817 2669 1910 2742 livet
1934 2695 2047 2765 opar-

446 2770 488 2842 tis
502 2769 678 2861 praedii-rui
689 2767 847 2850 dominus
858 2763 917 2838 elle
930 2790 1093 2870 coepero,
1116 2765 1236 2851 fiveru
1248 2771 1343 2862 ruci,
1365 2795 1428 2868 per
1440 2795 1547 2866 partes
1561 2765 1697 2844 servitus
1708 2775 1869 2844 retinetur
1883 2821 1894 2854 ‚
1911 2697 1995 2840 iicet
2003 2769 2046 2842 ab

447 2870 542 2940 initio
551 2891 613 2963 per
623 2889 734 2964 partes
749 2867 877 2960 adquiri
890 2893 962 2938 non
977 2870 1144 2962 potuerit,
1169 2873 1192 2940 l.
1203 2873 1422 2972 utpomumss.
1436 2874 1467 2948 §.
1488 2895 1518 2943 1.
1535 2870 1765 2962 deserviturib.
1788 2867 1984 2962 ‘Exemplum
2008 2871 2046 2942 in

447 2961 741 3068 Nuptiis.casuque
755 2965 1008 3066 Adragarionis:
1032 2965 1155 3045 natust
1170 2969 1331 3062 qua'mlhi
1341 2968 1526 3050 ,uxor‚fuit,
1545 2971 1669 3042 deinde
1679 2998 1698 3041 a
1710 2995 1769 3042 me
1781 2968 1947 3066 repudiata
1956 2991 2045 3063 nup·

447 3066 488 3138 sir
501 3073 597 3158 Sejo‚
621 3091 722 3160 quem
742 3090 804 3164 ego
819 3064 1020 3162 posteaadrn
1044 3068 1120 3151 avi,
1142 3092 1218 3138 non
1233 3061 1309 3139 sunt
1325 3071 1340 3156 l
1349 3066 1399 3139 vel
1412 3093 1485 3139 nou
1497 3065 1606 3162 fiunt)
1626 3072 1748 3165 nuptiae
1758 3066 1905 3148 incellae,
1918 3069 2045 3164 Estque

450 3193 465 3240 -ι
477 3194 508 3238 2.
522 3175 569 3240 D.
585 3163 703 3241 desim
717 3190 808 3269 nupt.
822 3165 939 3243 Similis
961 3092 1060 3238 eatis
1085 3169 1125 3236 'in
1139 3163 1319 3262 adoptione
1328 3169 1366 3238 'in
1379 3164 1426 3263 sp.
1442 3173 1464 3241 l.
1477 3191 1548 3271 pen.
1563 3173 1591 3247 §.
1612 3198 1642 3264 3.
1658 3170 1725 3241 eod.
1737 3167 1790 3238 lit.
1802 3165 2045 3259 ¹Exemplumirt

447 3262 653 3357 reumatis
664 3257 804 3361 casuque
815 3261 1227 3339 Interdiiiionisbonotnm:
1241 3267 1490 3339 Testamentum
1506 3263 1625 3348 scilicet
1638 3265 1734 3364 quod
1748 3263 1977 3338 interdictione
1986 3291 2047 3338 ve.
2079 3275 2085 3280 “

447 3367 561 3443 tullius
574 3363 641 3446 est,
661 3362 788 3444 ualebit
803 3415 814 3445 ,
832 3363 879 3444 A(
892 3362 935 3434 stc
950 3384 1089 3458 propter
1099 3359 1214 3440 'calum
1227 3363 1412 3434 existentem
1425 3390 1444 3433 a
1461 3383 1532 3458 qu'o
1544 3359 1688 3460 incipere
1699 3391 1769 3438 non
1781 3359 1958 3458 potuisset.
1972 3389 2047 3436 non
2147 3369 2148 3372 ’

446 3461 618 3538 deducitur
631 3455 834 3548 inlrr'it'um,
850 3468 880 3542 l.
886 3463 914 3536 it
922 3461 979 3535 ciri
985 3467 1050 3562 lege
1066 3465 1120 3532 18.
1133 3471 1177 3534 D.
1190 3462 1251 3558 qni
1265 3461 1389 3554 restam,
1397 3466 1465 3558 fac.
1478 3464 1669 3558 Exemplum
1693 3469 1726 3537 in
1751 3461 1879 3562 legaris,
1902 3455 2047 3558 casuque

446 3560 727 3664 emancipatione:
747 3567 845 3640 ‘Nam
857 3587 937 3636 cum
955 3561 1027 3633 filio
1037 3559 1159 3636 lterede
1170 3564 1268 3632 eriam
1284 3584 1368 3656 pure
1383 3568 1467 3657 putri
1481 3563 1581 3662 legari
1591 3562 1710 3659 pollit,
1735 3563 1781 3634 nil
1795 3561 1925 3633 interest
1937 3587 1979 3631 an
1992 3561 2046 3640 die

448 3661 582 3748 cedente
594 3661 690 3760 legati
701 3666 736 3736 in
749 3665 855 3758 *patris
868 3663 1026 3758 potestate
1043 3657 1111 3734 sit:
1136 3665 1172 3731 &
1196 3658 1237 3732 stc
1252 3654 1343 3734 culus
1365 3665 1634 3758 emancipationis
1649 3664 1789 3734 existens
1805 3661 1881 3756 post
1898 3659 2044 3760 legatum

447 3763 665 3833 constitutum
678 3765 712 3834 in
727 3761 827 3858 putris
841 3757 1003 3866 persona,
1024 3759 1174 3862 'legatum
1190 3787 1261 3832 non
1277 3759 1385 3832 reddit
1400 3762 1514 3833 inutile
1530 3817 1541 3848 ,
1561 3769 1588 3836 l.
1603 3763 1700 3858 afilia
1726 3790 1743 3833 2
1750 3789 1783 3854 5.
1799 3763 1842 3832 de
1869 3770 1981 3859 Legat.
2012 3786 2042 3833 1.

447 3860 640 3956 Exemplum
652 3856 782 3932 rursum
799 3863 834 3932 in
848 3861 983 3962 legarii,
1001 3863 1109 3956 inque
1133 3859 1254 3932 heredis
1271 3859 1465 3954 existentia:
1487 3866 1582 3940 7Nam
1599 3861 1622 3933 st
1641 3863 1719 3934 alter
1733 3889 1769 3932 ex
1781 3859 2044 3958 legatariis'heres
2085 3853 2088 3860 ⁴

450 3959 588 4032 extiterit
602 3960 713 4032 heredi
725 3987 745 4032 a
757 3985 829 4056 quo
840 3960 987 4061 legatum
1001 3959 1254 4040 eratrelidlum,
1282 3987 1352 4031 non
1364 3963 1439 4032 ideo
1451 3965 1563 4034 minus
1576 3985 1702 4058 partem
1713 3957 1925 4058 ‚collegatario
1935 3957 2045 4038 facieta

449 4063 566 4134 retinet
578 4064 668 4132 enim
681 4087 744 4156 pro
756 4057 849 4156 parre
861 4061 1007 4160 legatum
1023 4113 1033 4144 ,
1053 4064 1178 4176 lplastt
1188 4089 1249 4155 34.
1266 4065 1294 4138 §.
1309 4065 1400 4160 plane
1415 4087 1474 4154 ¹13.
1487 4071 1532 4134 D.
1546 4065 1582 4132 de
1598 4068 1697 4160 legar.
1717 4087 1745 4132 r.
1766 4056 1958 4152 Exemplum
1969 4079 2043 4128 ter-
2130 4137 2134 4146 .

449 4164 535 4232 rium
549 4163 591 4242 ,in
608 4153 872 4261 legariscasuque
889 4160 956 4232 diri
966 4161 1128 4232 cedentes:
1147 4163 1238 4233 'Non
1254 4159 1380 4230 tollitur
1395 4155 1515 4230 scilicet
1528 4159 1681 4231 creditori
1695 4161 1811 4255 petitio
1830 4157 1926 4255 legati
1947 4155 2044 4252 quod

443 4260 525 4355 post
540 4285 673 4352 annum
687 4259 890 4345 debebatur,
917 4257 1085 4332 siinterim
1093 4261 1169 4354 post
1187 4280 1331 4336 mortem
1347 4255 1469 4330 scilicet
1487 4261 1651 4330 testatoris
1672 4285 1777 4331 annus
1796 4253 2042 4352 supervenerit:

449 4384 529 4430 nam
542 4351 661 4432 sufficit
673 4359 770 4456 quod
784 4359 907 4432 utiliter
918 4360 987 4434 dies
998 4357 1111 4434 ceffit.
1140 4359 1239 4432 Aliud
1253 4383 1362 4431 tamen
1372 4358 1570 4431 existimabat
1580 4359 1700 4434 Paulus
1717 4409 1727 4440 ,
1754 4355 1777 4427 fi
1790 4360 1868 4427 vivo
1894 4357 2044 4426 testatore

449 4485 556 4532 annus
570 4453 812 4556 supervenirett
833 4485 916 4531 narn
929 4482 1003 4532 tum
1030 4459 1144 4532 inutile
1156 4455 1240 4532 effici
1251 4458 1399 4558 ‘legatum
1417 4513 1427 4543 ,
1450 4483 1647 4556 quanquam
1660 4458 1844 4540 ‚constiterit
1860 4453 1901 4525 ab
1916 4457 2012 4526 initio
2026 4475 2040 4535 3

449 4557 579 4631 ldebiu
597 4563 655 4632 82.
669 4561 708 4631 de
720 4565 780 4660 leg.
794 4583 831 4638 a.
844 4563 890 4630 ait
904 4561 1023 4632 Paulus
1034 4560 1230 4653 constiterit,
1257 4555 1311 4630 seu
1324 4557 1475 4630 nondum
1491 4559 1724 4631 coustitutum.
1741 4565 1779 4628 ln
1793 4555 1857 4626 hoc
1871 4577 2043 4630 verucon-

451 4662 548 4730 traria
562 4657 624 4731 fuir
638 4661 805 4753 Papiniani
819 4655 975 4742 sententia
983 4663 1023 4730 'in
1034 4663 1059 4732 l.
1073 4659 1177 4733 verbis
1190 4684 1221 4752 5.
1236 4660 1281 4731 ad
1297 4663 1320 4729 l.
1331 4659 1452 4731 Falcid.
1466 4683 1540 4754 quae
1550 4663 1647 4730 etiarn
1658 4654 1844 4752 probatur,
1873 4658 1902 4732 §.
1914 4681 1955 4724 ex
1965 4677 2042 4722 con-

449 4758 551 4831 trariu
567 4759 905 4856 14.1nss.pdeleguis.·
929 4757 1066 4855 putabat
1081 4763 1177 4832 ,enim
1190 4764 1236 4844 is,
1259 4785 1324 4830 nec
1341 4755 1362 4827 li
1378 4761 1457 4829 vivo
1474 4759 1623 4830 testatore
1637 4757 1704 4829 dies
1719 4760 1864 4830 veniret.
1890 4773 1946 4822 aut
1960 4775 2042 4821 con-¹

375 4901 389 4908 Δ
446 4855 532 4934 ditio
545 4859 760 4959 impleretur,
782 4857 855 4932 lieri
869 4862 1000 4934 irritum
1009 4857 1110 4958 *quod
1122 4853 1220 4934 semel
1230 4861 1422 4958 comperiit.
1442 4861 1582 4934 Omitto
1591 4857 1779 4958 exemplum
1790 4861 1812 4925 Ι.
1814 4851 1875 4944 sub
1886 4850 2045 4926 cruditio-

1930 4977 1970 5023 ue
1992 4973 2047 5022 10.
