4692 5960
452 565 516 640 DE
542 561 820 650 nemorosis,
844 561 908 634 xl.
935 553 1072 632 ΕΘΗ..
1100 555 1251 632 EDICT.
1275 553 1410 648 REGG.
1436 551 1552 632 PARS
1577 561 1638 633 Vi.
1845 587 1916 664 ¹97

302 667 516 756 mjurende
534 710 544 743 t
572 667 647 748 σί.
680 691 729 736 ert.
744 669 790 736 D.
803 685 912 732 rerum
924 681 1059 730 emen.
1069 651 1104 728 id
1117 655 1185 748 est,
1210 677 1386 752 augeatur:
1413 683 1453 726 ex
1462 660 1630 760 postfredo,
1644 660 1800 758 inquam,
1816 665 1857 738 de
1869 695 1911 741 eo
1977 683 1980 694 ’

303 770 392 840 enim
406 765 451 838 est
465 765 533 838 hec
546 770 634 863 Reg.
651 685 732 836 scut
748 762 839 860 prior
852 759 949 854 hujus
964 755 986 828 l.
997 751 1108 852 regulo
1119 753 1164 824 est
1175 751 1216 825 de
1229 753 1393 852 antegesto
1402 807 1415 842 ,
1431 753 1538 856 deque
1551 759 1729 834 actionem
1745 763 1913 853 heredem

302 863 489 958 assimio,
512 866 547 936 in
574 887 670 948 uem,
697 857 813 943 idest,
840 857 1179 955 pecuniaria-toxotio.
1206 858 1247 924 Et
1267 855 1426 948 queritur
1443 851 1478 926 id
1494 843 1534 930 de
1551 857 1680 942 derina,
1705 865 1836 956 privato
1853 863 1912 940 sci.

302 961 405 1048 licet,
431 961 532 1036 veluti
586 983 669 1046 rto,
694 957 819 1032 damno
835 983 893 1054 per
908 955 1063 1048 injuriam
1076 950 1178 1030 dato,
1204 946 1297 1024 servo
1310 974 1489 1048 corrupto.
1517 959 1705 1044 Quaestione
1720 963 1764 1032 ita
1784 987 1913 1060 propo.

300 1059 383 1147 srte,
409 1056 584 1158 verbisque
600 1057 790 1156 explicatis,
817 1056 885 1130 hcc
900 1060 986 1154 Reg.
1003 1075 1040 1126 ut
1055 1049 1169 1128 melius
1181 1049 1382 1222 intellipatur
1400 1108 1411 1138 ,
1437 1075 1513 1126 ente
1528 1059 1641 1134 omnia
1655 1053 1823 1133 sciendum
1838 1066 1883 1136 est
1899 1119 1912 1150 ,

300 1159 398 1256 quod
411 1158 452 1234 ab
463 1159 530 1232 aliis
545 1163 613 1251 'jam
628 1156 893 1240 indicatumest,
918 1179 990 1228 oem
1010 1155 1170 1247 pertinere
1187 1149 1272 1222 adE
1296 1153 1401 1225 istum
1418 1151 1457 1223 de
1472 1152 1649 1254 Religiofis‚
1703 1183 1747 1228 uo
1766 1153 1911 1254 speciant
1950 1211 1952 1216 ,

299 1266 337 1334 dt
352 1257 426 1332 due
441 1253 621 1354 superiores
640 1285 648 1330 ε
675 1263 710 1330 δι
722 1255 789 1330 hec
803 1254 943 1350 quidem
954 1254 1095 1349 pertinet
1108 1249 1149 1324 ad
1161 1248 1300 1324 alterum
1311 1249 1486 1337 rdinum,
1512 1253 1607 1350 quod
1619 1255 1663 1326 est
1676 1183 1717 1331 de
1730 1259 1860 1333 afflone
1873 1265 1910 1338 in

299 1357 428 1432 sudium
440 1353 592 1430 adversus
605 1383 682 1430 eum
723 1359 756 1428 ui
768 1377 942 1428 mortuum
959 1347 1055 1424 suum
1070 1348 1182 1422 intulit
1195 1352 1230 1420 in
1249 1344 1478 1444 sepulchrum,
1505 1350 1556 1428 vei
1579 1353 1744 1432 inlocum
1758 1381 1912 1456 purum,

300 1457 471 1532 alienum:
496 1459 576 1528 item
588 1381 748 1534 ,aduersis
763 1481 855 1539 eum,
876 1451 1089 1551 quintorum
1102 1446 1271 1544 prohibuit
1291 1471 1466 1524 mortuum
1487 1446 1582 1522 suum
1599 1451 1741 1535 infore,
1767 1480 1839 1554 quo
1860 1465 1913 1554 jur

301 1579 393 1630 erate
420 1559 511 1628 Nam
525 1556 632 1628 inhoc
645 1556 761 1630 Edicto
780 1551 972 1650 explicando
987 1547 1125 1622 Paulum
1138 1547 1205 1620 hoc
1219 1545 1304 1620 libro
1325 1575 1382 1638 27.
1392 1549 1434 1620 ad
1450 1550 1603 1622 Ediotum
1615 1547 1778 1630 versatum
1789 1555 1911 1636 docent

299 1654 528 1753 quamplures
546 1654 658 1732 exinde
673 1655 772 1754 leges,
783 1679 857 1750 quae
870 1650 1010 1749 proinde
1024 1673 1141 1722 omnes
1159 1647 1219 1720 hoc
1238 1651 1366 1720 ratione
1382 1648 1458 1723 huic
1475 1651 1716 1750 conjungendo
1735 1649 1832 1740 sinit,
1848 1681 1910 1752 pu.

301 1775 336 1828 ta
360 1761 413 1828 sex
428 1783 459 1847 3.
480 1781 534 1828 rr.
552 1763 598 1828 D.
618 1755 656 1826 de
670 1752 806 1854 religios
818 1758 841 1826 l.
854 1781 917 1844 43.
934 1761 980 1826 D.
998 1751 1037 1826 de
1054 1757 1094 1824 R.
1113 1757 1153 1820 V.
1169 1753 1193 1822 Ι.
1212 1777 1246 1841 4.
1254 1749 1435 1846 quemadm.
1444 1746 1559 1840 servit.
1575 1749 1683 1822 amitt.
1697 1756 1720 1822 l.
1738 1779 1795 1840 27.
1811 1755 1910 1828 D.'de
1934 1811 1940 1828 ,

300 1851 459 1946 injuriis,
484 1857 507 1924 1.
526 1883 559 1944 4.
573 1861 619 1928 D.
633 1855 671 1926 de
678 1854 779 1968 sepul.
795 1851 932 1924 violato.
959 1847 1112 1922 Secundo
1126 1843 1294 1920 sciendum
1306 1847 1370 1926 est,
1385 1849 1481 1942 hujus
1493 1849 1630 1924 odionis
1642 1851 1677 1920 in
1693 1847 1912 1934 fostumhane

300 1958 372 2026 vim
389 1947 443 2026 seu
459 1955 652 2048 potestatem
668 1955 753 2036 esse,
781 1951 938 2024 ut‘delitii
951 1951 1049 2042 liujus
1064 1952 1079 2036 (
1093 1946 1260 2018 inferentis
1281 1945 1431 2024 videlicet
1458 1950 1494 2021 in
1518 1945 1633 2020 locum
1655 1945 1796 2023 alienum
1822 2001 1833 2031 ,
1860 1949 1912 2025 vei

300 2053 399 2128 etiam
413 2051 534 2124 inserte
549 2052 753 2148 prohibentis
769 2055 804 2124 in
822 2053 996 2146 proprium
1012 2056 1025 2138 3
1043 2052 1317 2120 AESTIMATIO
1334 2050 1460 2118 ineatur
1476 2101 1488 2132 ,
1514 2071 1614 2142 poena
1628 2051 1812 2142 pecunitria
1827 2075 1910 2144 pro·

304 2150 412 2249 posito
426 2151 636 2226 estimatione
654 2149 770 2244 iudicis
787 2205 799 2236 ,
824 2174 862 2222 ut
873 2150 975 2222 docet
987 2152 1043 2224 lex
1055 2173 1086 2222 ι.
1103 2149 1132 2226 i·
1151 2173 1185 2221 ι.
1200 2155 1245 2220 D.
1259 2147 1298 2221 de
1314 2144 1450 2252 religios
1460 2151 1574 2246 Atque
1588 2146 1656 2224 hec
1670 2145 1713 2224 esi
1724 2145 1777 2222 illo
1800 2149 1909 2224 delion·

303 2249 460 2346 estimari·
476 2301 489 2336 ,
512 2249 553 2322 de
569 2275 636 2346 qua
653 2251 714 2324 hac
729 2255 814 2350 Reg.
829 2252 959 2352 agitur.

352 2353 455 2422 Nunc
470 2348 556 2464 finge
572 2377 580 2419 t
606 2357 661 2424 Tu
677 2354 710 2422 in
730 2348 844 2422 locum
859 2373 982 2462 purum
997 2343 1162 2462 alienum,
1190 2365 1286 2418 tunm
1304 2344 1437 2419 intulisti
1456 2345 1593 2420 cadaver
1603 2374 1623 2516 :s
1636 2372 1717 2420 mox
1733 2369 1911 2446 antequem

299 2443 1223 2634 :t,¹11²fssii?t¹‡⁰{i{¹22⁰50s23¹nfiissff²izfftll²2335nz
1240 2445 1604 2635 {sitistis}
1617 2469 1912 2626 &iussisti

300 2650 602 2731 POSTFACTO,
627 2646 740 2732 idest,
765 2649 969 2721 continuato.
994 2643 1201 2728 indelicta,
1227 2649 1413 2742 geminata,
1439 2644 1562 2721 affidua
1575 2698 1588 2729 ,
1614 2643 1779 2718 cadaveris
1791 2645 1911 2720 iliano-

306 2771 366 2829 ne,
392 2749 623 2831 CRESCAT,
648 2749 929 2825 PRAETERITI,
956 2737 1010 2817 seu
1022 2746 1141 2838 prioris
1165 2741 1273 2814 delicti
1299 2746 1488 2824 estimatio,
1509 2743 1547 2814 id
1563 2744 1628 2822 est,
1653 2767 1768 2816 utrum
1779 2771 1820 2816 eo
1833 2771 1911 2844 gra·
1987 2820 1993 2828 ,
2021 2811 2024 2817 .

299 2847 392 2918 tiore
403 2843 455 2919 uel
471 2842 595 2939 duplici
607 2845 818 2926 estimatione
843 2865 1008 2936 poenaque
1021 2839 1348 2928 muidiandusvenins
1361 2853 1376 2913 ,θ
1388 2841 1493 2930 Quod
1508 2846 1622 2938 utique
1635 2841 1824 2942 negandum
1840 2845 1885 2916 est
1902 2871 1910 2916 r
1993 2897 1994 2904 .

301 2951 509 3042 Nunquam,
533 2937 678 3027 seilicet,
704 2941 817 3032 erescit
830 2967 871 3012 ex
880 2937 1186 3044 postfaiio'preeeriti
1198 2938 1304 3012 delini
1317 2940 1498 3032 estimatio:
1524 2967 1632 3035 neque
1659 2939 1768 3014 delicti
1798 2948 1912 3019 conti·
1933 2999 1947 3016 ..

301 3046 460 3114 nuatione
473 3042 533 3112 hac
551 3062 643 3135 parte
660 3040 859 3134 idunquam
876 3035 1038 3122 efficitur,
1064 3057 1102 3108 ut
1129 3038 1281 3136 graviore
1299 3037 1464 3135 duplicive
1482 3065 1607 3135 poena,
1634 3042 1693 3136 qui
1709 3062 1804 3114 antea
1831 3041 1911 3132 deli.
1985 3041 1994 3112 3
2009 3039 2049 3135 :lt

330 3143 399 3224 uit,
426 3139 634 3210 muletandus
647 3141 755 3234 venipt
771 3141 894 3220 .Haec‚
919 3143 1087 3232 inquam,
1112 3137 1254 3234 genuina
1268 3133 1386 3234 specics
1403 3139 1447 3210 est
1460 3139 1557 3232 hujus
1572 3144 1659 3238 Reg‚
1683 3163 1799 3214 verum
1819 3147 1913 3234 cujus
2017 3137 2019 3142 ’

300 3163 450 3313 definitio
468 3237 509 3310 ed
530 3241 642 3312 omnia
667 3242 869 3319 DELICTA
894 3236 949 3310 hic
975 3238 1182 3334 porrigitur,
1209 3235 1310 3310 veluti
1322 3235 1419 3323 furti,
1445 3235 1558 3312 damni
1577 3240 1694 3332 injuriq
1709 3235 1799 3323 dati,
1827 3235 1909 3318 servi

300 3341 450 3433 corrupti
467 3394 475 3412 .
501 3343 541 3410 Et
556 3363 636 3409 vero
652 3340 697 3410 ita
713 3363 852 3432 quoque
868 3337 1015 3415 dicitur,
1040 3332 1098 3406 etsr
1109 3329 1190 3429 saepe
1210 3337 1450 3410 contreskando
1477 3335 1605 3410 furtum
1620 3334 1694 3416 fiat,
1719 3341 1744 3412 l.
1764 3349 1796 3414 6.
1813 3341 1907 3447 Μ,

291 3436 418 3531 fueris,
434 3439 577 3510 attamen
591 3434 808 3530 affiduafurti
823 3437 1084 3522 contredotione
1097 3432 1148 3504 vel
1159 3437 1431 3521 continuatione,
1447 3435 1500 3508 vel
1522 3431 1725 3532 subreptum·
1737 3437 1909 3539 chirogra-

216 3551 220 3558 “
299 3533 406 3630 pirum
422 3535 653 3615 mordelendo
668 3535 932 3632 „ptrnumsurti
947 3535 1164 3634 noneugeri,
1191 3535 1354 3630 nequead
1368 3561 1504 3631 pernam
1530 3536 1717 3632 quidquam
1740 3533 1861 3632 adiici,
1885 3543 1907 3612 l.
1937 3623 1943 3628 ι

268 3691 269 3698 .
301 3661 336 3725 9.
359 3639 414 3708 28.
429 3640 451 3707 l.
466 3635 634 3726 inficiando
651 3647 708 3726 67.
726 3640 754 3713 §.
769 3634 897 3729 infans,
912 3645 959 3710 D.
976 3635 1013 3704 de
1020 3633 1146 3725 furtis:
1159 3631 1217 3704 nifi
1234 3659 1283 3706 ree
1298 3629 1530 3726 furtotsublota
1545 3631 1585 3706 od
1596 3633 1772 3710 domintun
1790 3637 1907 3720 rediit,
1922 3643 1931 3698 Γ
1939 3635 1949 3698 i

301 3739 337 3806 de
357 3737 477 3808 iterum
490 3736 770 3814 contreetata'effi
791 3740 816 3807 l.
834 3743 893 3826 46.
905 3735 1006 3829 insui.
1022 3733 1055 3804 d.
1070 3733 1124 3803 eir.
1139 3730 1312 3825 defertis.
1331 3733 1422 3806 ldern
1437 3733 1564 3804 obtinet
1577 3741 1612 3806 δι
1623 3735 1657 3806 in
1674 3727 1767 3808 servo
1785 3761 1905 3810 cortu-
2043 3753 2075 3828 Ιζ’
2108 3788 2116 3832 ·.

299 3855 383 3928 pto,
409 3833 451 3908 de
464 3857 531 3928 qua
544 3835 674 3910 ustione
692 3834 757 3909 suit
781 3840 833 3908 lex
853 3844 930 3928 136.
937 3829 1269 3936 fiepre:-nrm&sic
1284 3831 1449 3926 Ulpianus
1461 3835 1693 3906 erNeratioin
1706 3837 1729 3904 l.
1744 3835 1906 3923 Neratiae
2048 3831 2051 3845 ’
2091 3855 2096 3869 ’

207 3939 215 3960 ’
306 3955 360 4005 rr.
376 3932 411 4004 in
420 3931 528 4036 princ.
544 3941 587 4006 D.
600 3935 732 4026 deservo
744 3957 888 4037 corrupte
904 3987 916 4020 ,
941 3935 1007 4010 ait,
1034 3931 1143 4024 postea
1154 3927 1240 4000 furta
1255 3928 1338 4002 fodio
1352 3935 1384 4002 in
1410 3931 1654 4004 estimationem
1675 3959 1743 4004 non
1765 3939 1902 4009 venire:

302 4035 387 4104 Item
399 4038 429 4110 §.
450 4059 479 4103 r.
495 4029 605 4127 sipost
624 4029 755 4106 servum
771 4057 986 4129 corruptum,
1014 4028 1054 4102 ad
1067 4027 1193 4124 aliquid
1201 4029 1285 4102 male
1299 4029 1485 4130 agendum,
1507 4030 1613 4110 ,veluti
1628 4029 1670 4100 od
1687 4031 1906 4132 chirographq

217 4187 220 4194 .
301 4127 489 4204 debitorum
503 4131 772 4228 corrumpenda,
797 4127 906 4204 servus
921 4129 1144 4222 conseretudine
1155 4129 1309 4228 peccandi
1340 4129 1401 4202 asia
1422 4127 1559 4206 fecerit,
1584 4153 1816 4228 corruptorem
1838 4133 1900 4206 ho·
2031 4145 2052 4184 ·’
2073 4162 2117 4196 *⁴1

303 4253 378 4298 rum
392 4235 608 4304 nominenon
625 4234 748 4306 teneri.
777 4233 930 4330 Denique
948 4251 1141 4326 perpetuom
1156 4231 1241 4302 lianc
1270 4233 1357 4328 Reg.
1382 4226 1462 4310 esse,
1489 4227 1544 4308 ubi
1561 4225 1603 4302 de
1616 4231 1803 4324 pecuniaria
1823 4231 1901 4304 aesti-
2082 4263 2086 4272 ·

302 4331 448 4400 natione
460 4357 496 4402 ex
518 4333 869 4430 DEL1CToagieur,
894 4329 1076 4404 ostenditur
1088 4327 1153 4402 hoc
1165 4328 1295 4414 verbo,
1320 4333 1598 4418 NUNQUAM.
1713 4341 1716 4350 ⁴

301 4497 306 4508 ,
351 4430 485 4522 inquies
501 4432 561 4515 (ut
575 4430 813 4520 objectionibus
826 4457 916 4502 nunc
933 4435 1148 4518 occurratur)
1169 4425 1225 4498 ubi
1235 4426 1364 4521 publica
1376 4455 1427 4500 res
1441 4435 1476 4500 δι
1491 4427 1610 4502 utilitas
1624 4421 1821 4528 agitur,'ubi
1833 4455 1900 4524 pu·
2099 4499 2101 4504 ,

302 4521 428 4598 blicum
454 4528 578 4602 crimen
597 4530 757 4613 vertitur,
783 4523 908 4626 semper
924 4523 1066 4599 crescere
1075 4553 1113 4601 ex
1127 4523 1289 4620 postfacto
1301 4531 1452 4622 preteriti
1466 4525 1573 4598 delicti
1582 4525 1846 4612 estimationem,
1863 4535 1899 4600 δε
2114 4575 2135 4592 .,

302 4620 346 4694 fic
360 4628 477 4696 iterato
494 4674 505 4704 ‚
531 4627 696 4722 geminato
712 4676 723 4704 ,
738 4629 981 4699 &continuato
997 4625 1117 4698 delisto
1131 4631 1291 4718 majorem
1304 4629 1432 4720 imponi
1448 4647 1605 4719 poenam:
1632 4621 1795 4700 crescente
1814 4621 1899 4698 scili.
2098 4643 2103 4650 '

302 4747 354 4794 cet
370 4729 598 4806 contumacia,
624 4726 814 4818 aequumest
828 4747 864 4796 nt
879 4717 999 4798 crescat
1021 4749 1159 4822 quoque
1174 4749 1298 4818 poerta:
1323 4725 1466 4819 denique
1485 4719 1691 4798 consuetudo
1712 4728 1746 4798 in
1772 4723 1897 4800 delictis

301 4822 456 4922 adgravet
484 4821 657 4908 delictum,
683 4821 724 4896 de
741 4847 812 4920 quo
828 4823 954 4924 plotius
982 4827 1200 4928 Pragmatici:
1227 4832 1355 4896 Verum
1379 4824 1414 4918 id
1430 4823 1567 4922 quidem
1593 4825 1657 4912 est,
1681 4827 1803 4901 atenim
1828 4821 1897 4900 haec

401 4927 536 4996 TemII.
866 4923 871 4930 ’
1133 4928 1154 4996 S
1736 4921 1741 4932 ⁸
1802 4929 1889 5027 Reg.
