4632 5916
426 556 486 628 ne
502 543 1038 624 nnuuuusnrnounr.
1053 545 1132 614 xu.
1147 539 1584 618 cornerrurrtuu
1599 499 1733 626 uice.
1827 580 1911 650 ιη

299 648 557 731 adhibebantur,
584 647 625 724 de
639 655 788 747 quoiam
797 647 910 752 [repra.
930 645 1016 716 Poni
1029 641 1134 738 potest
1148 641 1183 712 in
1198 637 1372 715 Divertior
1399 640 1448 714 lex
1464 651 1483 724 J
1487 637 1683 746 ulia-quippe
1697 676 1777 726 cum
1790 652 1905 732 dirot-

299 741 385 826 tiuin
400 747 531 822 nonnist
546 772 637 825 certo
653 750 758 822 modo
773 746 898 820 fretum
908 770 971 846 pro
981 739 1105 822 infesto
1120 737 1251 812 luberet
1263 789 1273 822 ,
1285 745 1366 817 tun.
1379 744 1477 820 §.toln
1492 747 1569 830 Cori,
1580 751 1663 824 unde
1670 751 1726 826 vir
1742 763 1901 846 &uxum

301 846 377 922 fine
391 849 432 922 ad
446 847 584 924 eandem
599 848 703 950 legem
722 905 733 935 ,
758 850 829 922 imo
843 871 881 918 ex
893 841 1007 919 eadem
1022 841 1093 944 lege
1105 833 1247 914 scribens
1260 840 1349 914 idern
1364 843 1481 916 Paulus
1496 845 1604 921 noller
1616 853 1652 922 in
1665 855 1687 923 1.
1696 877 1731 942 9.
1741 854 1779 926 de
1792 855 1904 930 divor-

298 949 381 1032 tiis,
407 948 529 1030 docet.
554 949 668 1022 liberas
684 945 864 1046 personas,
891 953 926 1018 &
941 942 1079 1043 quidem
1093 945 1180 1014 cives
1205 943 1552 1019 Romunot.tdhibeti
1581 947 1779 1045 oportuilse.
1808 963 1904 1028 Nul..

296 1055 388 1130 lum,
407 1053 541 1146 inquit,
564 1049 744 1122 diuortium
756 1045 866 1122 raeu'm
879 1045 920 1142 esi
937 1100 948 1131 ,
961 1043 1021 1140 nifi
1024 1043 1142 1146 septem
1154 1039 1281 1117 civibus
1293 1044 1445 1118 Romanis
1450 1045 1617 1158 puberibus
1629 1050 1800 1124 adhibitis:
1822 1079 1901 1158 pre-

230 1211 231 1214 .
296 1175 345 1222 ter
358 1149 505 1221 libertam
520 1153 589 1240 ejus
599 1150 659 1249 qui
669 1146 978 1244 divortiumfaciet.
1004 1139 1110 1232 Quod
1120 1140 1257 1239 quidem
1268 1147 1365 1215 etiam
1379 1145 1564 1242 exemplum
1587 1145 1641 1219 hic
1655 1153 1740 1222 inter
1758 1151 1817 1224 alia
1842 1154 1899 1230 ad-

296 1245 319 1320 s
354 1247 408 1319 rste
424 1252 492 1322 Pet.
509 1248 628 1330 faber,
642 1248 699 1322 etsr
716 1254 741 1324 is
751 1250 836 1323 lunc
849 1247 871 1321 l.·
892 1247 933 1322 de
948 1237 1135 1318 officiieset
1150 1242 1340 1336 muneribus
1366 1242 1504 1339 publicis
1524 1249 1704 1342 acciperet.
1731 1253 1899 1326 Ponamue

296 1273 436 1444 liiciem
448 1351 481 1418 in
495 1349 791 1424 denunciationibus
803 1375 839 1422 ex
855 1353 947 1424 SCto
961 1341 1146 1421 claudiano
1168 1399 1179 1432 ‚
1206 1343 1247 1416 de
1260 1370 1331 1442 quo
1347 1341 1421 1416 vide
1433 1349 1458 1417 l.
1479 1373 1512 1418 2.
1533 1348 1609 1420 cod.
1639 1348 1702 1422 Th.
1718 1351 1763 1420 ad
1780 1355 1895 1444 SConfi

298 1447 532 1521 Claudianum.
560 1455 725 1524 Ponamus
741 1455 775 1522 in
791 1446 975 1522 hereditatis
984 1444 1143 1530 auriane,
1168 1442 1225 1518 ubi
1255 1463 1395 1544 magnus
1422 1467 1563 1542 quoque
1583 1447 1711 1520 testium
1736 1475 1895 1526 numerus

295 1547 530 1620 interveniebat
546 1577 554 1621 t
580 1549 620 1624 de
635 1575 706 1646 quo
722 1549 823 1624 Tullii
837 1549 930 1621 locus
946 1545 1053 1620 esttib.
1071 1543 1180 1640 13.AE
1190 1543 1441 1650 Articnmepifl.
1460 1573 1519 1637 44.
1536 1551 1572 1616 &
1588 1554 1772 1622 Varronem
1784 1551 1840 1622 lib.
1860 1580 1894 1644 5.

219 1733 224 1742 Ι
296 1646 540 1748 delinguam.
567 1655 656 1750 Ergo
670 1653 703 1721 in
717 1651 766 1724 his
784 1644 901 1723 officiis
914 1649 1112 1720 intervenire
1126 1673 1196 1718 non
1211 1669 1364 1742 poterant
1389 1641 1493 1726 servi,
1519 1649 1654 1718 &inter
1671 1647 1743 1720 alia*
1756 1650 1896 1744 quidem

294 1745 385 1818 velut
397 1747 506 1822 testes:
532 1748 720 1839 Quomodo
745 1759 779 1822 &
794 1749 871 1822 alias
884 1753 919 1822 in
934 1763 1115 1820 commune
1128 1743 1209 1818 servi
1226 1747 1317 1818 telles
1330 1739 1391 1817 else
1413 1771 1483 1817 non
1505 1768 1683 1842 poterant:
1707 1753 1730 1821 l.
1745 1751 1897 1846 quoniam

293 1843 386 1918 tiberi
399 1849 475 1919 Cod.
488 1851 526 1921 de
541 1845 691 1943 ustibus.-
716 1855 819 1948 quam
826 1848 856 1922 le
878 1875 931 1921 em
942 1841 1051 1920 Gloss'a
1064 1845 1147 1918 male
1161 1847 1237 1920 huic
1249 1851 1337 1946 Reg.
1353 1867 1461 1942 aptat:
1487 1855 1573 1919 ut&
1594 1848 1690 1943 quod
1703 1847 1746 1927 de
1764 1854 1893 1924 Tutore

293 1951 337 2017 ’δι
351 1943 393 2018 de
408 1945 558 2021 Arbitrio
573 1949 681 2034 addit,
707 1946 840 2022 servum
851 1875 972 2022 icilicet
983 1944 1024 2018 ab
1037 1946 1087 2021 ιιι
1100 1940 1218 2020 officiis
1231 1946 1357 2019 excludi
1374 1993 1383 2026 ‚
1408 1951 1432 2019 l.
1445 1946 1563 2021 Pedius
1583 1973 1617 2040 7.
1643 1952 1672 2026 §.
1690 1947 1726 2020 in
1738 1948 1870 2039 servum
1883 1995 1897 2032 ‚

293 2049 341 2120 D.
358 2047 397 2117 de
410 2049 540 2152 receptis
552 2048 610 2148 qui
621 2048 735 2122 arbitr.
744 2055 775 2130 §.
784 2051 897 2142 servus
908 2047 984 2140 lull.
993 2045 1140 2144 quidm
1152 2070 1268 2118 tutores
1281 2102 1290 2118 .
1314 2047 1436 2144 Neque
1447 2051 1537 2121 enim
1550 2048 1617 2120 hec
1632 2044 1674 2120 de
1685 2073 1806 2124 eorum
1817 2043 1893 2134 olli.¹

293 2146 427 2216 ciorum
444 2173 585 2220 numero
601 2143 699 2236 sunt,
725 2147 766 2222 de
779 2147 898 2246 quibus
913 2146 981 2218 buc
996 2151 1041 2221 tt.
1053 2145 1114 2220 est.

344 2249 385 2316 Et
400 2245 468 2318 hec
478 2248 615 2344 quidem
630 2275 738 2322 novus
750 2249 902 2344 deinceps
917 2247 1013 2340 hujus
1028 2250 1061 2318 R
1105 2241 1190 2327 ule,
1213 2269 1287 2342 quae
1302 2243 1460 2319 haetenus
1476 2243 1638 2322 intellecta
1650 2196 1719 2319 non
1735 2239 1824 2326 luit.¹
1842 2205 1909 2320 ιιι.Ι
2018 2238 2021 2248 '
2118 2225 2127 2242 ’

282 2331 442 2416 'relicuus
460 2342 514 2418 seu
534 2343 642 2420 sensus
657 2352 743 2422 etit.
769 2345 871 2422 Unde
882 2353 951 2438 jam
965 2343 1007 2416 de
1020 2339 1071 2416 set
1096 2343 1293 2438 equenttltus
1307 2344 1430 2440 patebit
1446 2399 1455 2418 .
1502 2367 1532 2420 ι.
1560 2355 1642 2436 Quo
1657 2339 1750 2420 sensu
1765 2346 1895 2422 dicatur

291 2439 512 2539 hicofficium.
550 2469 589 2520 ι.
608 2457 688 2535 Quo
699 2441 790 2518 sensu
801 2470 861 2560 per
869 2444 1005 2541 officium
1015 2441 1146 2540 aliquid
1161 2439 1230 2514 fieri
1245 2447 1347 2530 (nam
1368 2445 1414 2514 ita
1423 2443 1477 2518 lric
1489 2442 1665 2544 legendum
1691 2469 1771 2518 mox
1785 2445 1894 2518 osten-
2035 2501 2039 2510 .

289 2539 395 2639 dnm)
442 2571 473 2640 ι.
488 2540 581 2634 Quid
598 2544 636 2616 fit
648 2541 841 2618 intervenere
854 2541 978 2642 officit:
1003 2545 1162 2637 Nempe,
1188 2565 1225 2617 ut
1241 2542 1377 2628 testem,
1404 2567 1442 2616 ut
1455 2543 1671 2640 libripendem
1691 2599 1702 2629 ,
1723 2568 1760 2617 ut
1786 2541 1892 2646 ligna·

290 2757 339 2810 tes
355 2786 366 2819 r
384 2747 489 2815 Graeci
501 2767 640 2838 quoque
654 2744 739 2815 hanc
756 2747 843 2842 Reg.
856 2765 1031 2836 accepere.
1058 2743 1141 2812 Sane
1153 2739 1393 2814 interveniendi
1411 2766 1552 2836 quoque
1581 2766 1645 2812 vox
1667 2741 1797 2814 testibus
1811 2769 1893 2838 pron

290 2840 380 2932 pria:
407 2837 450 2911 fic
466 2843 552 2913 testis
567 2839 656 2912 freto
667 2843 865 2914 intervenire
876 2839 996 2910 dicitur
1007 2843 1029 2910 1.
1040 2841 1133 2918 185.
1147 2865 1180 2930 5.
1197 2847 1239 2912 D.
1251 2840 1290 2912 dr
1310 2839 1496 2937 quaestionib.
1533 2871 1571 2932 4.
1586 2850 1669 2928 Quae
1681 2835 1838 2914 sententie
1853 2839 1893 2924 lit

290 2935 392 3028 hujus
406 2943 492 3038 Reg.
509 2965 588 3011 curn
605 2939 739 3012 ridicula
752 2939 901 3035 alioquin
914 2937 1065 3012 eavideri
1078 2936 1200 3034 poffir.
1237 2963 1270 3031 5.
1283 2947 1397 3026 Quam
1409 2939 1495 3014 male
1505 2941 1575 3014 lure
1588 2945 1675 3040 Reg.
1690 2941 1836 3018 trahetur
1848 2939 1891 3024 ad
1974 2938 1979 2962 .

289 3037 315 3106 l.
335 3061 368 3106 2.
392 3049 452 3106 22:
463 3049 502 3120 (n
518 3039 699 3142 usupra,
715 3037 760 3112 au
769 3063 853 3136 quas
867 3033 929 3110 sese
942 3038 996 3110 hic
1009 3045 1207 3134 Interpretes
1219 3035 1388 3112 referunt.
1876 3107 1880 3120 ,

342 3139 395 3206 De
406 3137 532 3210 Iuliane
546 3137 691 3228 hujusR
737 3135 939 3212 ,videndum
951 3133 1115 3234 superest:
1142 3160 1322 3210 namurco
1345 3165 1383 3210 ex
1405 3137 1599 3216 Florentinis
1623 3137 1821 3226 pandectis»,
1837 3165 1891 3220 ex-

291 3229 395 3330 prell'a
407 3237 451 3305 est
464 3289 476 3322 ,
490 3233 627 3322 vitiosa,
653 3237 710 3310 nul
723 3265 808 3336 aque
817 3233 890 3309 satis
902 3237 1147 3312 construffione
1160 3233 1304 3308 sustineri
1317 3240 1446 3333 potest.
1471 3239 1697 3314 Haloondrina
1718 3239 1822 3313 editio
1840 3265 1889 3312 re-

288 3334 345 3402 {la
359 3338 425 3422 jum
444 3329 554 3408 saltem
568 3337 834 3414 construetione.
858 3337 956 3410 habet
970 3390 981 3421 ‚
993 3341 1034 3409 In
1047 3337 1188 3410 omnibus
1200 3335 1322 3432 officiis.
1343 3339 1408 3410 Alii
1417 3337 1490 3414 libri
1497 3339 1604 3416 emust
1617 3339 1757 3416 habeut.
1771 3337 1890 3434 (quod

291 3435 490 3526 &Cujtcius
503 3445 538 3509 δι
549 3433 686 3509 Peclrius
698 3435 885 3532 malebant)
902 3445 940 3510 ln
954 3436 1004 3514 his
1016 3437 1211 3533 officiisque,
1225 3443 1291 3509 &e
1305 3441 1389 3512 Sunt
1405 3493 1416 3522 ,
1441 3444 1502 3536 qui
1517 3465 1635 3512 vocem
1662 3439 1811 3534 Officium
1834 3437 1890 3522 hie

290 3529 424 3626 peffime
436 3559 651 3638 expungunt.
680 3541 715 3610 P.
730 3536 826 3610 Faber
838 3534 1016 3634 reponebat
1033 3585 1044 3614 t
1068 3543 1106 3609 ln
1119 3536 1161 3610 iis
1175 3563 1238 3634 qur
1252 3537 1416 3635 exrfficia:
1431 3539 1546 3642 velpro
1561 3537 1658 3634 efficio
1666 3537 1751 3629 fieri
1767 3587 1777 3616 ‚
1804 3563 1886 3631 pro·

288 3632 376 3714 'xime
386 3633 428 3704 ad
438 3661 576 3722 verum,
591 3635 647 3708 etst
663 3644 698 3708 δι
712 3633 977 3733 ipsenesciverit,
990 3636 1031 3710 de
1044 3659 1194 3732 quonam
1211 3661 1320 3707 revera
1332 3635 1427 3736 officii
1437 3664 1556 3738 genere
1567 3639 1626 3710 lue
1638 3659 1753 3808 a‘gntut
1764 3691 1772 3708 .
1785 3645 1886 3727 Quor

204 3779 208 3786 -
289 3731 476 3807 modolibet
492 3759 579 3808 certe
591 3736 742 3836 legatur.
768 3761 890 3810 retenta
905 3763 989 3810 voce
1003 3749 1024 3822 ,⁴
1042 3761 1079 3808 ut
1094 3737 1235 3810 omnino
1247 3737 1415 3812 retinenda
1425 3740 1473 3812 est
1483 3789 1496 3821 .
1507 3738 1603 3836 officii
1619 3739 1631 3823 (
1657 3761 1711 3808 ute
1724 3763 1792 3836 qua
1816 3756 1888 3810 tote

285 3833 338 3901 vis
353 3839 388 3910 ἃ
405 3828 560 3907 sententia
577 3837 713 3938 Regulae
726 3842 811 3938 perit
821 3847 835 3931 )
847 3837 1010 3912 distinffio
1023 3837 1077 3908 hic
1091 3857 1202 3934 aperte
1214 3838 1404 3928 continetur
1419 3887 1430 3918 ‚
1454 3841 1540 3910 inter
1554 3864 1590 3909 ea
1604 3832 1726 3914 Officia
1743 3889 1753 3919 ,
1771 3835 1820 3908 vel
1833 3859 1887 3908 eat

288 3925 489 4005 officiorum
485 3959 609 4102 partes
623 3988 633 4017 ,
655 3935 713 4008 ubi
726 3937 856 4010 nonnisi
869 3936 975 4010 liberae
993 3929 1138 4033 personae
1150 3939 1347 4008 intervenire
1359 3961 1536 4031 poterent,
1561 3945 1596 4009 δι
1611 3936 1693 4013 uia.
1718 3933 1774 4028 ubi
1784 3937 1885 4012 etiam

499 4061 533 4105 m

290 4023 394 4116 servi,
406 4041 481 4128 cuju
536 4037 591 4107 odi
606 4037 651 4108 est
664 4030 811 4110 officium
826 4039 1065 4132 Exequintum.
1080 4044 1175 4128 eujus
1188 4039 1337 4110 meminit
1352 4037 1547 4130 thitusliit.
1564 4039 1752 4119 16.Annal.
1763 4034 1834 4122 soll.
1845 4041 1880 4120 7l

290 4124 336 4196 ibi
347 4124 417 4202 sane
430 4129 511 4205 servi
528 4160 664 4232 quoque
680 4135 941 4208 interveniebant
956 4186 966 4214 ‚
984 4157 1022 4206 ut
1032 4136 1133 4206 docet
1145 4136 1195 4206 vel
1211 4141 1264 4204 hx
1277 4139 1376 4211 unii.
1395 4163 1428 4227 ς.
1448 4138 1523 4208 Cod.
1541 4131 1580 4206 de
1602 4133 1725 4207 Latina
1743 4132 1796 4204 lib.
1815 4136 1881 4204 roll.
1905 4191 1922 4216 ,,

290 4227 385 4335 Putet
398 4233 471 4322 quis
483 4236 528 4304 ita
538 4233 879 4350 emendandamaehauc
891 4233 914 4305 l.
927 4240 965 4306 ln
978 4234 1028 4306 his
1041 4233 1186 4325 (astibus
1198 4229 1317 4304 scilicet
1330 4234 1381 4305 vel
1407 4237 1548 4335 negotiis
1562 4241 1574 4326 J
1600 4239 1704 4320 QUA
1734 4231 1884 4329 Officium

283 4326 378 4418 fiere,
400 4331 466 4398 διε.
485 4339 564 4432 Qua
576 4385 586 4414 ,
600 4333 708 4416 idest,
725 4333 782 4404 ubr
799 4361 866 4428 qua
880 4351 973 4428 parte
988 4383 997 4410 ‚
1014 4357 1179 4430 quatenus
1194 4381 1204 4410 .
1223 4356 1261 4406 ut
1274 4333 1493 4433 Lfigeminau
1503 4361 1537 4404 o.
1549 4341 1595 4404 D.
1610 4331 1711 4404 arbor.
1724 4335 1804 4412 furt.
1818 4331 1884 4422 cufi

290 4429 313 4495 l.
325 4425 383 4512 87.
398 4425 435 4495 de
449 4435 489 4500 V.
503 4439 535 4500 S.
548 4436 581 4498 δι
597 4428 751 4500 stmilibut
765 4431 846 4500 locis
864 4431 1116 4526 quamplurimis
1128 4482 1137 4509 ,
1151 4457 1225 4526 quae
1237 4435 1404 4504 Antonius
1419 4432 1620 4530 Augustinus
1635 4429 1766 4530 collegit
1779 4431 1834 4502 lib.
1849 4459 1881 4506 2.

291 4527 426 4596 Emend.
435 4553 464 4597 c.
481 4554 512 4598 2.
528 4521 698 4598 Rescribat
711 4531 809 4600 etiam
823 4523 910 4598 forte
922 4531 997 4622 quis
1010 4543 1027 4598 ι’
1043 4535 1082 4600 In
1095 4527 1217 4629 hisque
1233 4531 1402 4626 OBficium
1426 4555 1485 4634 per
1503 4529 1615 4602 liberas
1627 4529 1695 4620 fieri
1713 4531 1879 4634 perfines.
1938 4579 1949 4600 .

126 4627 129 4632 '
183 4658 185 4662 ·
290 4620 350 4693 Ob
369 4625 539 4722 Officium,
557 4618 671 4710 id'est,
689 4649 826 4724 propter
844 4621 1173 4704 officium,teleirca
1201 4625 1372 4701 officium:
1396 4630 1574 4724 quomodo
1602 4637 1637 4703 &
1661 4630 1882 4704 Tertullianus

289 4724 380 4793 circa
392 4723 492 4822 officia
504 4724 605 4796 dixirt·
627 4723 703 4811 Ob,
729 4725 847 4804 idest.
871 4729 977 4812 ritca,
999 4746 1078 4822 per:
1098 4728 1227 4825 dequo
1244 4728 1319 4798 vide
1345 4729 1469 4799 Festum
1497 4787 1504 4802 .
1531 4737 1658 4802 Verum
1678 4723 1743 4820 ipse
1766 4728 1879 4802 malim

286 4825 333 4894 ita
346 4821 558 4900 hunclocum
573 4829 749 4925 exprimere
762 4829 897 4928 repetita
915 4853 999 4903 voce
1006 4853 1066 4934 per
1085 4856 1093 4898 :
1120 4835 1160 4900 In
1182 4826 1231 4902 his
1244 4853 1306 4929 qut
1322 4851 1402 4932 ‚per
1419 4828 1592 4930 Officium,
1607 4853 1664 4930 per
1682 4825 1793 4902 liberas
1802 4827 1880 4922 fieri

1050 4923 1108 5003 ef
1153 4953 1174 5001 ι
1772 4925 1878 5030 perst-
2013 4969 2019 4982 ·

289 2659 424 2723 torem:
449 2671 520 2716 non
532 2671 612 2724 vero
626 2640 741 2718 officio
750 2641 804 2716 seu
818 2649 958 2716 munere
968 2641 1102 2737 publico
1115 2638 1228 2739 ungi:
1242 2643 1421 2736 quomodo
1435 2667 1553 2718 ornnes
1564 2641 1606 2716 ad
1617 2669 1721 2716 ιιιιιιιιι
1733 2653 1895 2740 Interpre.
2004 2681 2006 2684 ,
2024 2635 2036 2671 υ
2054 2629 2087 2680 ιι
