4724 5930
456 605 1170 692 onntstrrmtntttoxrcott„
1186 547 1623 696 turcani-:innius
1651 573 1764 682 11.'
1852 611 1904 686 us..

284 741 341 794 tut
357 771 368 804 ,
394 716 600 814 excipiendus
618 737 751 788 tantum
770 707 862 786 casus
876 708 953 812 legis
965 738 997 782 2.
1011 710 1087 782 cod.
1102 708 1141 780 de
1155 705 1287 796 restitui.
1299 707 1395 778 vend.
1412 707 1434 778 li
1449 701 1599 780 vidilicet
1615 730 1702 780 uttta
1721 701 1899 818 dirpidium

287 820 361 912 justi
376 821 470 913 pretii
483 814 639 912 deceptus
655 812 711 884 stt.
739 819 825 884 ltern
847 807 957 908 linge,
982 832 1019 880 ut
1039 803 1179 904 speciem
1195 803 1240 915 ei
1259 799 1348 906 praxi
1360 803 1412 876 hic
1434 805 1602 906 adferam,
1701 795 1897 917 opin'pro-

290 914 406 990 mrsrlle
418 910 543 1014 aliquid
555 940 592 987 ex
605 913 685 1008 justa
697 905 817 994 causa,
843 907 944 980 veluti
959 909 1214 1008 remuneratoria
1228 915 1247 990 ',·
1260 835 1758 1004 qhddernna'rnajbrlgllsset
1779 914 1813 977 ὃ(
1829 931 1894 1000 po-

293 1010 399 1088 tuill'et
413 1013 541 1086 facere?
567 1018 649 1087 Sane
665 1011 777 1084 minor
791 1033 862 1080 non
878 1010 1079 1080 restituetur.
1104 1015 1220 1106 Quam
1233 1005 1350 1090 in'rem
1367 1002 1535 1096 Irtte‘stum
1548 1001 1719 1078 Pariliense
1733 1031 1898 1078 memora·

253 1163 268 1206 ι
298 1137 354 1186 tur
374 1141 404 1205 3.
425 1119 513 1210 Sept.
533 1141 545 1184 ι
555 1139 572 1206 5
578 1141 638 1201 94.
654 1116 694 1182 Et
710 1114 777 1184 haec
789 1106 932 1204 ,quidem
946 1105 987 1178 de
997 1109 1107 1202 priore
1121 1095 1265 1204 Re‘gulti
1276 1091 1333 1192 2³2·
1349 1110 1360 1196 “,
1397 1129 1409 1144 ··
1979 1115 1982 1122 ’

344 1211 492 1286 Secunda
506 1206 647 1308 specialis
663 1209 793 1310 Regula
809 1213 823 1296 (
838 1213 872 1276 δι
887 1204 1024 1304 quidem
1038 1213 1137 1276 Vetus
1149 1201 1356 1300 qu'othaec’t
1370 1201 1595 1300 tradiderunt)
1625 1203 1694 1277 lraec
1706 1205 1813 1276 nostra
1830 1205 1874 1274 est
1888 1233 1896 1278 r

292 1321 376 1388 Non
390 1309 463 1413 cepi
475 1311 653 1393 minorem,
679 1311 801 1409 quijus
811 1303 975 1422 pullicum
983 1303 1148 1400 sequitur.
1174 1304 1242 1376 Cui
1255 1299 1363 1374 stntilis
1376 1308 1577 1400 proponitur
1592 1333 1611 1376 a
1633 1303 1833 1399 Papiniano,
1862 1311 1899 1374 δι
1987 1327 1990 1334 ·

293 1409 433 1508 quidem
442 1409 479 1480 in
495 1405 612 1482 eodem
626 1409 837 1482 restitutionis
851 1427 1065 1520 argumento,
1082 1404 1117 1473 in
1131 1406 1154 1472 l.
1170 1400 1255 1472 inter
1268 1429 1315 1472 ees
1327 1429 1385 1492 51.
1400 1406 1429 1479 ὁ.
1439 1427 1512 1506 pen.
1526 1413 1572 1478 D.
1580 1407 1620 1475 de
1619 1403 1678 1496 fid
1684 1401 1799 1496 juffirr.
1819 1409 1901 1476 Non

127 1547 132 1558 ·
159 1519 175 1528 ’“
300 1511 445 1612 deceptus
466 1509 618 1593 videtur,
633 1513 715 1602 jure
740 1527 900 1580 commu
921 1503 1018 1597 usta,
1045 1507 1080 1574 &
1100 1497 1246 1574 exindea
1273 1507 1432 1584 Zenone,
1456 1501 1493 1573 in
1515 1506 1539 1574 l.
1558 1509 1619 1576 ult.
1637 1505 1711 1576 Crd.
1723 1503 1814 1578 dein
1838 1503 1897 1577 int.
2042 1567 2046 1575 .

315 1639 329 1679 e
354 1634 393 1680 rr.
407 1635 485 1682 min.
562 1651 573 1668 ·
1467 1653 1471 1660 -

293 1609 430 1778 'stDua
443 1733 548 1804 porro
560 1701 680 1804 species
693 1708 819 1806 tpponi
830 1703 943 1778 exinde
955 1695 1108 1802 possunt.
1125 1699 1221 1772 Prior
1232 1703 1266 1772 in
1279 1699 1417 1773 tradlatu
1432 1699 1473 1772 de
1485 1683 1749 1796 Fideittlstiribus‚
1768 1703 1809 1776 de
1824 1705 1901 1798 qui·
1986 1681 1993 1694 .

296 1803 358 1877 bus
374 1805 439 1877 hoc
454 1804 525 1900 ipso
546 1805 631 1879 libro
664 1831 718 1880 ιι.
747 1806 910 1901 Ulpianus
932 1807 1021 1904 egit,
1049 1823 1086 1872 ut
1101 1799 1199 1872 docet
1212 1797 1262 1870 lex
1286 1806 1355 1894 ejus
1370 1807 1550 1873 Marcellus
1570 1829 1588 1873 r
1594 1828 1627 1894 5.
1647 1811 1694 1876 D.
1714 1805 1752 1874 de
1769 1799 1898 1894 fidejuffi

298 1908 430 1998 Nempe
440 1911 490 1996 jus
506 1903 675 2000 publicum
691 1906 753 1982 siue
765 1927 947 1978 commune
959 1901 1003 1971 est
1030 1899 1139 1990 (unde
1151 1901 1403 2002 &peremptoria
1411 1902 1539 1996 uenusto
1555 1899 1676 1974 dicitur
1693 1906 1717 1974 l.
1738 1929 1793 1975 ro.
1822 1901 1899 1974 Crd.

296 2004 534 2098 &fidejufflrnl
563 2005 800 2101 exepillolaD,
823 1999 1010 2084 Hadriani,
1032 2020 1073 2070 ut
1087 1999 1173 2068 inter
1194 1995 1303 2091 plures
1331 1995 1550 2092 fidejussores,
1576 2003 1635 2096 qui
1662 2019 1811 2096 tempore
1834 1999 1901 2072 litit

169 2123 173 2139 ⁴
292 2101 478 2173 contestatae
491 2098 649 2176 solvendo
663 2098 738 2175 sunt
753 2159 764 2188 ,
777 2101 857 2174 allio
871 2097 1102 2182 dividamus.
1108 2101 1141 2190 fi
1148 2101 1254 2198 plures
1266 2098 1304 2167 de
1313 2099 1484 2192 fidejuffor.
1503 2105 1527 2171 l.
1547 2099 1826 2196 interfidejnffores
1838 2107 1897 2172 26.

184 2260 186 2268 .
295 2209 342 2274 D.
358 2201 428 2271 eod.
443 2200 559 2286 idest,
574 2225 612 2271 ut
626 2199 744 2303 singuli
760 2203 878 2274 nonin
893 2193 1056 2280 solidum,
1082 2219 1199 2267 vetum
1226 2219 1289 2291 pro
1306 2196 1453 2270 virilibus
1476 2220 1607 2270 tantum
1633 2203 1898 2276 convenientum

297 2301 342 2368 ita
360 2296 494 2393 quidem
510 2352 521 2383 ,
548 2323 584 2372 ut
601 2297 624 2371 fi
641 2303 714 2396 poll
729 2300 821 2374 litent
835 2297 1048 2370 contestatum
1062 2291 1213 2368 desierint
1228 2291 1288 2366 else
1300 2290 1459 2369 solvendo
1473 2347 1483 2377 ‚
1498 2323 1617 2368 eorum
1630 2301 1767 2392 inopina
1787 2299 1902 2394 inopia

292 2417 428 2468 ceteros
446 2425 516 2470 non
534 2420 671 2480 oneret,
698 2425 806 2498 neque
819 2400 900 2492 jutis
918 2400 1001 2467 tatio
1017 2399 1182 2489 patietur,
1207 2396 1403 2489 petitionem
1417 2391 1554 2469 divisam
1569 2395 1782 2496 redintegrari
1790 2399 1814 2470 l.
1822 2395 1901 2469 libe-

291 2496 442 2588 rumfuit
463 2506 517 2570 16.
531 2499 605 2570 Cod.
619 2496 830 2594 defidejuffor.
857 2499 960 2568 Nunc
990 2491 1104 2596 finge,
1131 2494 1298 2563 minorem
1322 2492 1387 2565 hoc
1402 2501 1475 2586 jure
1492 2493 1627 2592 publico
1647 2491 1771 2581 usum,
1796 2495 1901 2591 idque
1998 2550 2000 2559 .

293 2589 484 2691 sequentem
499 2596 608 2693 plures
620 2593 829 2693 fidejussores,
843 2599 902 2692 qui
917 2617 1068 2688 tempore
1080 2592 1145 2664 litis
1159 2591 1345 2664 contestatae
1356 2593 1536 2691 locupletes
1555 2617 1650 2668 erant
1667 2620 1731 2691 pro
1752 2593 1901 2670 virilibus

293 2693 480 2768 convenisse
496 2749 508 2781 ,
523 2698 643 2793 poster
659 2723 764 2768 unum
778 2719 816 2769 ex
830 2697 869 2768 iis
887 2691 1094 2766 facultatibus
1116 2684 1268 2786 lapsum,
1293 2717 1335 2762 an
1351 2715 1484 2766 caeteros
1505 2697 1539 2765 in
1553 2688 1697 2766 solidum
1722 2697 1902 2767 convenire

321 2799 419 2868 oterit
442 2819 534 2867 tutus
548 2796 666 2869 auxilio
686 2799 804 2868 atatis?
831 2794 1001 2864 Minime:
1026 2801 1108 2866 Non
1123 2789 1254 2892 capitur
1268 2784 1388 2862 scilieet
1403 2793 1534 2888 quijnr
1603 2791 1722 2866 blicam
1733 2792 1901 2892 sequitur:
2020 2847 2032 2866 .

291 2815 347 2964 seu
362 2893 487 2966 damno
503 2891 663 2980 affelltus,
688 2893 869 2989 deceptus,
895 2915 965 2962 non
976 2889 1107 2962 videtur
1117 2893 1230 2960 minor
1241 2893 1313 2984 jure
1327 2897 1503 2964 communi
1518 2919 1540 2962 u
1558 2918 1619 2978 us,
1646 2915 1684 2962 ut
1701 2887 1818 2964 diserte
1832 2913 1901 2964 tra·

289 2991 340 3062 dit
357 2996 552 3086 Papinianus
576 2995 609 3064 d.
624 2997 647 3064 l.
660 2993 745 3066 inter
760 3015 808 3064 eos
827 3013 884 3082 5¹.
903 2989 932 3068 §0
945 3011 1034 3092 pen..

338 3090 486 3160 Secunda
501 3085 619 3182 species
634 3094 719 3185 poni
732 3091 839 3188 potell
858 3093 893 3160 in
907 3085 995 3160 dotis
1009 3086 1060 3164 vel
1075 3087 1265 3162 donationis
1284 3109 1422 3186 propter
1444 3092 1575 3185 nuptias
1590 3085 1740 3171 datione,
1767 3117 1807 3162 ex
1822 3093 1845 3164 1.
1863 3117 1894 3166 t.

289 3188 535 3282 Cod.fiadverfi
550 3188 656 3260 donat.
673 3201 715 3272 &v
727 3191 760 3260 ὁ.
775 3193 871 3261 lale.
886 3187 962 3261 eod.
973 3185 1278 3280 laustinjunuat.
1300 3192 1356 3262 28.
1374 3197 1410 3263 C.
1424 3191 1464 3262 de
1466 3195 1542 3281 jur.
1559 3190 1624 3262 dor.
1640 3200 1679 3274 &r
1692 3193 1715 3261 l.
1733 3193 1794 3263 ule.
1813 3191 1895 3264 Cale

287 3281 480 3386 Magistrat.
495 3314 625 3360 convert.
659 3284 852 3378 (sunteninr
864 3287 912 3358 ha
927 3309 993 3358 tres
1011 3286 1096 3390 leges
1112 3287 1209 3358 unius
1223 3287 1466 3362 constitutionis
1486 3296 1613 3385 partes)
1635 3342 1645 3360 .
1678 3291 1797 3389 Finge,
1823 3317 1900 3362 rnu-

283 3381 397 3458 lierern
416 3389 602 3464 minorem,
625 3387 744 3466 dotem
782 3383 1014 3481 romisrffepro
1028 3383 1153 3458 viribus
1168 3386 1382 3480 purimonii,
1407 3387 1459 3460 rel
1484 3411 1561 3462 ante
1585 3391 1720 3484 nuptias
1742 3389 1901 3462 donatio·
2152 3463 2156 3474 ,

282 3509 360 3554 nem
385 3481 488 3556 fecisse
506 3495 661 3560 curatore
672 3411 914 3586 confiniente,
932 3484 1027 3580 quod
1042 3486 1159 3581 utique
1177 3488 1228 3576 jus
1247 3483 1419 3580 publicum
1434 3487 1479 3560 est
1504 3493 1539 3558 δε
1570 3510 1753 3560 commune
1769 3505 1780 3557 ἓ
1796 3493 1902 3574 Sane,
2031 3513 2042 3548 ·-
2135 3541 2138 3548 ·

281 3579 404 3654 etiarnsi
423 3585 534 3679 postea
550 3586 691 3660 modurn
705 3589 898 3690 patrimonii
919 3589 1085 3658 minorem
1113 3582 1202 3656 sitisse
1228 3607 1402 3680 apparat,
1429 3613 1500 3660 non
1524 3587 1599 3658 ideo
1621 3609 1730 3660 tamen
1749 3583 1903 3660 adversus

164 3715 171 3729 ·
281 3688 459 3782 conjugem
477 3683 679 3760 restituetur:
705 3688 880 3782 quianon
898 3684 1169 3788 capitnr'quijns
1213 3685 1358 3758 ellicum
1368 3687 1538 3786 sequitur:
1566 3683 1762 3760 Subsidiaria
1788 3709 1902 3762 tamen

280 3781 309 3850 ei
325 3781 411 3853 adio
428 3777 552 3876 semper
562 3787 674 3878 perata
694 3777 950 3868 estinscribetn,
980 3789 1039 3880 qui
1056 3787 1177 3856 vitium
1190 3709 1259 3857 loc
1283 3785 1412 3858 admifit
1423 3839 1435 3874 ,
1454 3788 1614 3880 majoris,
1639 3788 1780 3884 inquam
1790 3841 1803 3874 ,
1820 3779 1903 3858 csti-

281 3875 594 3967 monasthirium,
622 3905 660 3956 ut
680 3884 1327 3983 docetd.lexulr.C.demagiss.conv.
1744 3949 1749 3960 .

329 3981 494 4052 Caeterum
518 3982 590 4053 rice
604 3979 720 4067 versa,
748 4007 787 4055 ut
806 4007 880 4056 non
899 3985 1046 4078 capitur,
1072 3988 1131 4080 qui
1152 3991 1203 4077 jus
1217 3981 1390 4078 publicum
1404 3978 1577 4086 sequitur,
1603 3987 1649 4057 ira
1670 4009 1779 4082 neque
1804 3989 1903 4083 capit

277 4069 426 4152 seudolo
439 4080 625 4179 quidquam
637 4079 740 4170 satit,
764 4085 913 4186 quiitre
925 4081 1063 4184 publico
1081 4104 1243 4184 perpetuo
1265 4085 1397 4174 utitur,
1422 4089 1447 4160 l.
1463 4113 1523 4179 4²·
1538 4095 1585 4164 D.
1601 4085 1713 4162 dead.
1733 4109 1829 4191 carpe.
1863 4097 1866 4104 '

989 4540 994 4549 ·
1052 4535 1058 4547 ·
1142 4545 1150 4558 ι
1253 4517 1401 4561 a..e..l⁵.l.
1435 4529 1578 4562 .,·,“.,,
1655 4547 1660 4555 =

1252 4591 1256 4602 ’
1474 4602 1477 4618 t
