4724 5930
537 439 539 444 .
669 397 687 448 θ’

623 467 708 568 elli·
1532 503 1537 516 '
1921 487 1938 516 ⁸

470 593 633 654 to.'·
842 579 1143 658 JACOBI.
1182 583 1713 668 GOTHOFREDI

457 673 486 752 ¹st
503 677 732 778 plebeji.tutela
747 681 895 750 Senatori
910 676 1155 754 incumberet·..
1201 709 1229 774 3.
1256 679 1458 774 Exemplum.
1465 683 1500 752 in
1515 682 1700 755 hereditatis
1713 681 1958 780 adquisitione...
1975 689 2079 764 Narin

461 781 485 852 st
498 809 516 852 a
533 779 626 853 sento
640 807 716 852 meo
728 777 844 850 herede
856 779 1012 848 instituto¹
1023 777 1168 878 legatum
1184 780 1264 852 mihi
1277 778 1375 851 fuerit
1385 786 1451 863 ,ἃ
1459 781 1537 875 post
1546 784 1860 856 mortemtellatoris
1874 781 1990 876 jussero
2002 784 2070 861 ser-

460 907 541 954 vum
553 881 726 978 adquirere
740 877 952 950 hereditatem
969 931 985 964 ‚¹
1008 880 1043 948 δι
1063 875 1144 952 hest
1159 879 1240 950 mihi
1256 877 1451 975 adquiratur
1461 880 1620 952 hereditas
1636 937 1654 966 „
1672 881 2068 980 legatumnondebetur,

461 985 485 1054 1.
497 986 530 1076 fi
540 982 663 1071 aisrrvo
691 1007 747 1050 zo.
764 980 807 1048 ad
829 983 852 1050 l.
868 977 990 1049 Falcid.
1007 981 1096 1064 Quia
1111 977 1179 1050 hnc
1193 983 1259 1070 jam
1275 977 1370 1050 fimul
1383 978 1556 1052 starenon
1564 977 1723 1076 pollina,
1738 988 1773 1050 δι
1783 1011 1923 1080 murare
1936 983 2069 1058 incola.

464 1080 576 1154 remia
583 1076 656 1154 sunt
667 1078 836 1159 ,eundem
851 1075 1010 1151 heredem
1018 1073 1077 1147 ess'e
1088 1083 1129 1150 de
1139 1077 1332 1176 legatarium
1347 1076 1441 1149 simul
1458 1131 1467 1150 .
1519 1109 1555 1169 4,
1581 1079 1784 1174 Exemplum:
1795 1085 1838 1153 in.
1852 1082 2068 1178 stipulationi-

461 1177 543 1252 bus·
561 1181 658 1280 Finge
685 1197 752 1250 tem
768 1175 948 1273 profanant
958 1175 1008 1246 vel
1021 1177 1181 1270 Stychum
1191 1179 1226 1246 in
1241 1176 1483 1271 stipulationem
1494 1176 1633 1250 dedudia
1644 1191 1662 1250 ἓ.
1675 1183 1708 1250 Si
1725 1205 1775 1252 res
1790 1175 1877 1252 saera
1889 1179 2068 1280 ellecoepe'·

468 1283 511 1352 tit
521 1333 539 1365 ‚,
557 1280 607 1351 vel
623 1277 752 1351 Stichus
767 1278 807 1347 ad
820 1275 1007 1349 libertatem
1015 1277 1220 1370 pervenerit,
1248 1275 1410 1370 stipulatio
1425 1271 1584 1348 evanescit
1597 1326 1607 1358 ,
1621 1282 1642 1348 l.
1656 1279 1740 1350 inter
1747 1279 1952 1383 stipularum
1966 1285 2023 1376 83.
2035 1288 2065 1360 l.

454 1381 584 1471 fitcram
602 1381 640 1450 de
661 1388 701 1450 V.
731 1387 773 1450 0.
802 1383 844 1448 Et·
867 1377 935 1447 hac
947 1377 1082 1470 quidem
1096 1373 1241 1468 exempla
1258 1369 1358 1458 lunt,
1385 1373 1506 1472 quibus
1523 1375 1601 1448 fallit
1613 1377 1679 1450 haec
1695 1384 1780 1478 neg.
1797 1382 1932 1466 nostra,
1960 1388 1995 1452 &
2010 1379 2077 1454 ubi'

464 1478 609 1579 legitime
625 1475 811 1574 quamlibet
822 1471 917 1546 semel
936 1474 1135 1554 constituta,
1161 1495 1359 1548 nontamen
1370 1475 1490 1546 durant
1506 1529 1529 1562 ,,
1544 1473 1610 1550 fiis
1619 1471 1891 1552 casurextiterita
1911 1505 1981 1575 quo
2002 1483 2066 1554 iaia

461 1581 548 1650 tium
561 1603 675 1674 capere
690 1575 956 1671 nonpotuillent
972 1627 992 1646 ..

512 1683 704 1775 Sequuntur
718 1702 813 1756 nunc.
825 1669 940 1752 casus,
959 1676 1018 1769 qui
1035 1676 1213 1746 contraria·
1224 1673 1360 1775 Regulie
1373 1674 1659 1770 aptandi'veniunt
1670 1705 1689 1750 e:
1705 1705 1778 1774 quae
1790 1677 1883 1763 vuli,
1912 1675 2077 1752 nondum

462 1779 637 1848 constituta
652 1771 769 1850 scilieet
784 1776 959 1872 extingui,
985 1768 1039 1843 seu
1056 1767 1243 1846 evanescere
1255 1815 1281 1858 ·‚,
1297 1772 1319 1844 fi
1333 1769 1471 1847 irrasus
1486 1781 1663 1876 contigerit
1675 1805 1693 1849 a
1707 1804 1780 1874 quo
1803 1781 1936 1849 initium
1950 1803 2068 1873 capere

462 1903 532 1946 non
548 1871 751 1970 potuill'ent.
780 1871 933 1968 Exempla
943 1875 978 1943 in
996 1876 1141 1944 materia·
1150 1873 1394 1976 stipulationum
1410 1880 1637 1976 &legatorum
1651 1929 1674 1948 ..
1717 1904 1748 1949 ι’.
1772 1879 1870 1976 Finge
1891 1877 2067 1950 habentem

462 1973 630 2052 fundum,
657 1977 748 2048 viam
760 1973 921 2067 stipulari,
948 1979 983 2042 δι
997 1985 1072 2044 an'te
1084 1973 1296 2060 constitutam
1311 1968 1520 2059 servitutem,
1536 1999 1664 2071 partem
1675 1975 1769 2048 fundi
1776 1971 1825 2047 sui
1833 1972 1996 2047 alienassie?
2011 1981 2096 2049 Sav-

462 2099 505 2144 ne
518 2079 704 2169 corrumpit
720 2073 986 2168 stipulationem,
1003 2075 1037 2143 in
1054 2067 1253 2144 eumcasum
1267 2073 1462 2146 deducendo
1474 2099 1493 2144 a
1505 2099 1578 2169 quo
1590 2074 1988 2171 stipulatio.incipere.non
2003 2099 2065 2170 po-

463 2175 552 2252 tuit,
578 2178 621 2251 ait
637 2166 899 2252 Juriscousultua
910 2175 945 2242 in
972 2178 995 2244 l.
1003 2197 1062 2272 pro
1073 2195 1165 2273 parte
1182 2199 1236 2244 tn.
1247 2182 1294 2244 D.
1305 2173 1345 2243 de.
1348 2171 1561 2263 servitutibus
1575 2227 1596 2247 ..
1639 2203 1672 2246 2.
1699 2178 1795 2272 Finge
1805 2169 1971 2258 secundo,
1999 2171 2065 2246 ser·

462 2295 509 2341 vo
526 2272 632 2344 alieno
651 2271 733 2370 quid
749 2270 927 2368 legantm„
944 2295 1088 2366 eumque
1100 2297 1119 2340 a
1133 2273 1283 2343 testatore
1295 2272 1405 2366 postea
1421 2273 1630 2370 redemptum
1646 2285 1662 2346 ?
1679 2277 1839 2374 Legatum
1855 2277 1940 2345 extin
1965 2275 2065 2347 uitur:

462 2395 541 2441 narn
555 2397 628 2467 quae
642 2362 681 2443 in
691 2394 764 2442 eam
785 2365 1179 2464 causampervenerunta
1208 2396 1275 2464 qua
1289 2374 1431 2468 incipere
1444 2399 1514 2443 non
1544 2369 1722 2468 potuillent
1736 2421 1759 2451 ‚.
1774 2399 1837 2468 pro
1852 2400 1922 2444 non
1940 2299 2067 2468 liriptis

463 2467 651 2549 habentur,
675 2477 697 2543 I.
707 2473 739 2563 fi
747 2467 783 2539 in
796 2474 959 2540 metallum
974 2497 1003 2562 32.
1020 2469 1055 2540 in
1069 2469 1131 2560 fin.
1143 2471 1180 2538 de
1192 2469 1240 2538 his
1255 2496 1318 2566 qua
1328 2493 1457 2571 pronon
1468 2471 1639 2572 scriptis..
1681 2500 1725 2564 3...
1740 2477 1796 2542 Fin
1821 2499 1838 2552 e
1855 2475 1975 2552 tertio,
2000 2471 2066 2544 do-

450 2572 599 2664 ¹minum
616 2565 675 2642 sub
690 2565 883 2642 conditione
898 2571 985 2638 viam
1002 2567 1220 2664 stipulatum?
1246 2572 1372 2640 Statim.
1393 2565 1512 2640 fundo:
1523 2567 1663 2640 alienato
1686 2496 1847 2641 evaneffiit
1877 2571 2039 2665 stipulatio
2052 2621 2077 2656 ,¹

462 2671 486 2736 l.
499 2667 641 2760 existimo
658 2672 719 2758 98.
733 2676 778 2740 D.
790 2668 937 2740 detto,
951 2666 1006 2740 ubi
1023 2674 1043 2745 J
1046 2661 1384 2752 urisconsultustaddit
1400 2667 1931 2758 :tirmaxiinesecnndumillorrtm
1941 2669 2065 2773 opinio·

461 2793 534 2836 nem
551 2769 610 2866 qni
619 2769 714 2840 eriam
736 2795 772 2838 ea
784 2794 852 2864 que.
862 2771 944 2838 reile.
958 2768 1161 2862 constiteram
1176 2819 1198 2850 „
1213 2765 1329 2856 resolvi
1337 2790 1475 2869 putant,
1503 2795 1579 2838 cnm
1587 2767 1623 2840 in
1634 2793 1705 2839 eum
1719 2769 1835 2860 castam.
1841 2768 2022 2868 rerldernnt
2043 2793 2066 2840 a

462 2893 524 2962 qno
538 2895 599 2939 non
607 2868 774 2971 potusffent
789 2867 941 2962 confidere
955 2920 975 2939 ..
1015 2897 1050 2957 4·
1077 2869 1174 2964 Finge
1189 2889 1311 2961 quarto
1329 2920 1340 2950 ,
1368 2865 1554 2962 stipulatum
1566 2892 1619 2938 me
1636 2865 1755 2948 fortet.
1766 2867 1917 2940 viamad
1924 2867 2068 2942 fundum

463 2990 600 3046 meum,
627 2970 806 3078 posteaque
818 2962 961 3038 alienasse
976 2991 1030 3036 me
1043 2964 1185 3037 fundum
1199 2979 1365 3058 partemve
1378 2972 1447 3060 ejus
1456 2969 1584 3038 ANTE
1596 2971 1802 3041 CONSTlT
1806 2972 1959 3040 UTAM.
1967 2964 2079 3041 servi-·

464 3079 605 3138 tutem‘i
631 3070 800 3139 Evanelcit
815 3065 1002 3162 stipulatio,
1028 3059 1197 3135 urdiserte
1208 3064 1365 3142 dicitut·‚·
1380 3065 1590 3158 lfifhbnna
1602 3093 1614 3136 1
1627 3075 1681 3158 3⁶⁵
1697 3071 1726 3145 §.
1749 3094 1778 3138 1.
1793 3069 1832 3140 ue
1844 3075 1949 3140 V..O..
1965 3077 2066 3156 Quo-

464 3189 542 3236 rum·
555 3172 716 3238 omnium·
728 3169 795 3238 haec
810 3191 874 3236 una
887 3189 1031 3258 veraque
1044 3162 1215 3241 iatioest',
1241 3166 1319 3256 quia
1330 3161 1382 3234 illa
1398 3163 1556 3236 nondum
1566 3166 1743 3236 constituta
1759 3164 1893 3238 fuerunt
1909 3213 1923 3245 r
1945 3173 1979 3236 δι
1990 3191 2068 3238 cum

433 3310 436 3320 ·
463 3264 807 3337 nondumconstituta
823 3261 921 3333 essent
940 3311 950 3344 ‚
975 3267 1002 3333 is
1018 3259 1108 3346 casus
1122 3256 1224 3330 extitit
1238 3287 1255 3330 a
1269 3287 1340 3355 quo
1353 3265 1486 3336 initium
1495 3289 1609 3359 capere
1625 3291 1696 3335 non
1709 3263 1905 3360 potuerunt:
1922 3269 2069 3341 CASUS

454 3349 604 3458 'inquam
626 3412 635 3443 ,
660 3387 741 3459 puta
761 3391 793 3434 re
806 3360 939 3430 alienata
953 3408 973 3438 ‚.
990 3382 1167 3454 antequam
1181 3363 1230 3445 jus
1244 3362 1324 3430 inre
1338 3362 1589 3434 constitueretur
1605 3412 1615 3440 ,
1642 3364 1738 3458 quod
1754 3364 1885 3436 nonnisr
1910 3369 1945 3436 in
1964 3392 1997 3436 re
2012 3360 2069 3436 sua

465 3461 544 3530 stare
560 3465 666 3556 potest
680 3495 695 3533 .·.
718 3468 851 3534 &netto
867 3456 1026 3556 adquisita
1042 3484 1079 3530 ea
1094 3483 1150 3537 te,
1174 3458 1209 3551 in
1224 3481 1290 3552 qua
1304 3462 1356 3550 jus
1372 3457 1412 3528 de
1428 3483 1498 3554 quo
1513 3461 1769 3556 quariturstare.
1779 3487 1850 3532 non
1864 3465 1970 3560 potest
1984 3513 1994 3543 ‚
2008 3460 2079 3534 nili.

466 3558 571 3631 aliena
585 3559 653 3633 stt..
1716 3603 1718 3608 ·
1801 3561 1803 3568 ’

419 3751 422 3757 Ι
515 3665 553 3731 Et
565 3659 632 3730 haec
645 3660 790 3754 quidem·
800 3662 845 3730 ita
872 3658 957 3732 clare
971 3659 1190 3734 demonstrata
1203 3651 1417 3754 dillinstaque
1435 3681 1545 3754 puto:
1571 3669 1656 3750 Qua·
1672 3663 1891 3734 inreverens
1917 3660 2068 3758 alioquin

463 3781 601 3853 quoque
615 3753 846 3836 Jurisconsulti
859 3760 1003 3831 multum
1019 3758 1230 3841 laboravere,
1257 3763 1340 3828 &ut
1357 3783 1472 3831 verum
1485 3757 1592 3831 dicam
1608 3811 1619 3844 ,
1647 3761 1699 3832 virt
1717 3759 1774 3833 sthi
1791 3789 1903 3834 cavere
1918 3757 1990 3832 satis
2005 3786 2067 3857 po-

464 3877 621 3930 tuerunt:
648 3863 793 3944 Partim,
820 3861 915 3954 quod
929 3861 1238 3942 CONSTITUTA
1262 3863 1337 3948 jam
1345 3857 1467 3930 utiliter
1480 3885 1508 3930 a.
1525 3859 1679 3954 nondum
1694 3861 1877 3933 constitutis
1899 3887 1969 3932 non
1983 3859 2067 3930 sem·
2139 3917 2145 3927 .

462 3979 521 4050 per
536 3981 686 4030 accurate
694 3956 866 4032 distinxiss'e.
874 3960 1046 4032 videantur
1063 3987 1071 4030 ε
1096 3961 1217 4056 partim
1232 3956 1449 4052 quiantiliter
1466 3959 1627 4055 constinffi
1644 4007 1663 4038 o
1678 3967 1714 4030 &
1736 3955 2075 4034 utilitenCONSTL

462 4059 628 4155 Turn,
657 4085 726 4130 non
756 4055 827 4132 satis
846 4083 998 4132 accurate
1013 4055 1349 4154 semper-abinvicem
1365 4051 1555 4152 separaver'e
1567 4087 1583 4132 ε.
1604 4059 1739 4132 Utiliter
1763 4053 1889 4132 scilicet.
1906 4054 1999 4130 semel
2014 4057 2068 4131 di·

463 4179 589 4227 cuntur
609 4157 792 4252 confistere,
818 4150 1455 4254 quaevsmevitioladbatransadlasunt:
1482 4181 1514 4228 at
1543 4158 1739 4250 constitute,
1765 4157 1895 4230 nonnifi
1914 4185 2065 4255 quorum

463 4253 531 4326 dies
546 4256 656 4329 cellit.-
684 4256 730 4328 he
742 4280 778 4328 ut
799 4267 871 4328 nt'nr
882 4257 1047 4354 ilicoquae
1061 4259 1204 4358 legitime
1218 4253 1405 4347 constitere,
1431 4263 1467 4328 &
1482 4256 1603 4328 utiliter
1618 4255 1712 4328 stmul
1725 4257 1973 4351 conssirnraediei
1987 4255 2065 4352 pos-

464 4352 547 4427 stnt.
572 4360 663 4428 Hine
677 4360 778 4457 igitur
791 4355 843 4428 illa
855 4361 975 4452 partim
996 4361 1076 4452 juris
1100 4353 1263 4428 diversitas
1274 4387 1287 4424 .·.
1310 4358 1431 4447 partim
1452 4351 1671 4430 dillensussilli
1694 4359 1781 4428 inter
1806 4353 2066 4435 Iurisconsultus

463 4479 553 4548 quos
568 4451 663 4552 supra
678 4455 873 4528 notabamus
890 4489 901 4528 .·
931 4463 981 4530 Ac
999 4460 1200 4528 nominatim
1211 4453 1262 4526 ille
1275 4455 1360 4524 inter
1377 4455 1513 4528 Paulum
1529 4455 1677 4527 nostrum
1694 4510 1705 4540 ,
1732 4456 1766 4528 in
1786 4461 1810 4528 l.
1821 4458 1940 4530 debitor
1956 4462 1976 4529 8
1982 4459 2070 4532 nude
2164 4518 2169 4530 .

464 4559 559 4654 legat.
583 4585 615 4628 2.
633 4557 897 4652 &Papinianum
923 4562 947 4630 l.
966 4585 999 4650 5.
1016 4559 1059 4628 nd
1080 4562 1102 4630 l.
1118 4556 1239 4628 Falcid.
1255 4565 1293 4635 (n
1309 4553 1449 4639 exinde,
1475 4559 1504 4634 §.
1519 4583 1564 4626 ex.
1580 4557 1765 4642 contrario,
1791 4558 1914 4652 Insside
1933 4557 2069 4656 legetis,¹

465 4657 499 4724 in
516 4681 551 4726 ea
562 4654 762 4750 questione,
792 4681 905 4728 utrum
916 4657 1062 4756 legatum
1077 4655 1180 4738 debiti·
1192 4654 1347 4726 creditori
1365 4655 1518 4726 relietum
1531 4711 1549 4738 ,.
1567 4660 1659 4746 cujus
1675 4655 1740 4728 dies
1761 4657 1812 4728 vel
1826 4658 1977 4729 conditio
1991 4659 2070 4727 vivo

469 4755 622 4828 testatore
639 4757 731 4827 uenit
744 4751 798 4828 sen
815 4750 1029 4850 supervenit,
1056 4757 1162 4828 adhuc
1177 4754 1307 4828 valeat?
1322 4755 1439 4826 Paulus
1453 4753 1566 4848 inutile
1580 4751 1639 4826 elle
1651 4754 1800 4856 legatum
1809 4756 2071 4851 dicebattquam·

469 4880 591 4946 quam,
616 4858 755 4954 inquit,
781 4859 1097 4932 CONSTITERIT
1124 4855 1296 4932 annino.
1324 4857 1518 4951 Papinianus
1533 4871 1674 4930 eontra:
1701 4860 1773 4930 Nec
1793 4854 1817 4928 st
1834 4859 1914 4944 vivo
1937 4853 2076 4927 testato·

2038 4978 2074 5026 re
