4632 5916
516 579 582 651 ἧς
911 545 1779 630 Jacoorooruoratur

516 675 588 746 mlii
603 675 687 766 Reg.
704 661 757 734 liic
769 683 831 754 pro
848 654 973 726 ratione
988 641 1214 718 substernenda
1228 646 1341 722 venit,
1370 669 1444 742 quae
1471 646 1694 740 proponitur,
1722 645 1968 752 l.r71.saepm,
1995 659 2106 726 Nem

516 773 634 844 ltilicet
660 767 728 836 ideo
749 756 924 855 obligatur,
946 746 1024 844 quia
1044 769 1223 847 recepturus
1242 744 1303 836 est,
1329 742 1369 815 ab
1393 743 1457 816 atio
1478 744 1564 842 qnod
1578 741 1776 844 prostiterit.
1800 751 1893 818 Tum
1920 753 1956 818 δι
1975 749 2108 825 alterius

516 874 674 968 equitas:
702 857 829 934 Melius
844 851 884 929 'cll
897 875 956 918 non
964 846 1108 936 solvere,
1131 869 1229 940 quam
1236 841 1378 934 filatum
1396 865 1552 946 reperere:
1576 847 1636 934 ις.
1651 850 1699 913 D.
1712 842 1750 914 de
1766 835 2005 946 compenfiarion.

566 975 605 1041 Et
620 959 754 1062 quidem
771 962 838 1048 q'us
852 951 898 1022 rei
912 941 1096 1038 exemplum
1109 944 1246 1036 apponit
1265 939 1327 1012 sive
1341 937 1481 1024 Cadius,
1495 939 1561 1012 sive
1572 939 1752 1018 Javolenua
1763 943 1797 1012 in
1819 943 2022 1028 luterdidbis,
2039 941 2109 1022 eu.

517 1063 661 1164 jusmodi
674 1064 717 1132 est
733 1049 969 1126 interdictum:
993 1041 1094 1144 Quod
1103 1041 1140 1111 vi
1159 1063 1218 1110 aua
1232 1043 1326 1110 clam.
1342 1043 1441 1138 Finge
1457 1065 1465 1108 ε
1486 1061 1634 1110 tutorem
1645 1043 1679 1108 vi
1691 1061 1748 1109 aut
1764 1038 1848 1111 clam
1863 1065 1946 1137 opus
1971 1045 2109 1144 aliquod

518 1161 622 1239 fecisse
635 1179 645 1232 Ξ
663 1148 826 1232 Adversus
841 1143 1002 1243 pupillum
1015 1165 1056 1212 eo
1071 1140 1230 1221 nomine,
1255 1159 1294 1210 ut
1306 1135 1431 1208 fastum
1448 1135 1598 1208 videlicet
1611 1135 1754 1208 restituat
1768 1141 1956 1232 experiundi
1968 1145 2109 1240 potestas

522 1261 651 1337 nonest
669 1313 680 1343 ,
704 1262 726 1327 l.
737 1255 763 1324 is
778 1247 837 1348 qui
851 1246 887 1316 in
897 1264 1030 1346 pureum
1050 1264 1105 1309 ιι.
1117 1241 1147 1313 §-
1165 1246 1199 1310 6.
1215 1243 1261 1310 D.
1277 1237 1362 1332 quod
1374 1234 1412 1306 vi
1423 1259 1480 1306 aar
1492 1239 1597 1318 clam,
1623 1233 1679 1306 ubi
1693 1229 1934 1310 observandum
1956 1243 2000 1312 est
2024 1244 2110 1317 hanc

519 1359 624 1459 ipsam
637 1352 800 1454 Regulam
816 1373 853 1418 ex
863 1342 980 1415 eodem
994 1339 1087 1428 Caffio
1099 1331 1157 1407 etsi
1169 1333 1238 1408 aliia
1249 1331 1358 1406 verbis
1367 1336 1534 1430 proponi,
1559 1357 1678 1428 nempe
1692 1361 1732 1405 ex
1744 1335 1812 1406 dolo
1827 1337 1942 1410 tutoris
1952 1342 2111 1444 pupillus»

524 1491 588 1534 noa
602 1457 723 1530 reneri.
751 1447 843 1520 Idem
858 1444 986 1514 obtinet
1006 1441 1041 1534 iu
1069 1433 1248 1508 Interdit‘io
1265 1433 1347 1504 unde
1363 1434 1403 1505 vi
1420 1479 1430 1514 ,
1453 1438 1475 1506 1.
1492 1441 1524 1505 6.
1544 1434 1619 1504 Cod.
1635 1433 1718 1504 unde
1730 1433 1769 1506 w·
1778 1486 1790 1518 ‚
1817 1446 1857 1517 φ
1868 1441 1889 1508 1.
1906 1465 1937 1510 a.
1954 1431 2110 1530 Cod'Th.

524 1561 589 1634 eod.
605 1555 660 1628 ubi
675 1553 836 1660 eleganter
855 1549 939 1634 Imp.
953 1533 1082 1640 pupillis
1094 1531 1416 1624 eatenusnltveniri‚
1441 1555 1479 1604 ur
1492 1531 1681 1623 testimon
1693 1529 1808 1604 λειω
1820 1533 1934 1607 anno
1952 1545 2048 1642 culpa
2061 1565 2112 1610 te.

525 1653 682 1732 maritaris
695 1656 798 1722 altena
813 1696 821 1716 .
837 1639 930 1712 Idem
943 1639 978 1708 in
992 1631 1171 1707 lutetdisto
1184 1635 1221 1704 de
1238 1630 1370 1706 Tabulis
1381 1631 1583 1716 exhibendis,
1608 1655 1683 1728 quat
1697 1633 1838 1730 genuina
1864 1631 2000 1726 hujusce
2025 1643 2112 1738 aeg.

526 1753 644 1852 species
657 1751 701 1823 est
715 1803 727 1834 ,
753 1765 790 1816 ut
803 1740 902 1815 docet
915 1743 967 1810 ira
980 1740 1038 1806 ult.
1062 1736 1074 1820 (
1091 1755 1165 1827 qux
1177 1755 1287 1804 ceuer
1299 1729 1418 1804 eodem
1430 1730 1517 1802 libro
1530 1725 1700 1825 desumpta
1715 1731 1793 1801 lauic
1810 1736 2041 1834 conjungenda
2053 1761 2114 1808 re-

526 1859 577 1928 „it
591 1865 604 1948 )
625 1851 737 1942 jutitia
754 1849 777 1916 l.
791 1844 908 1944 penult.
926 1845 970 1908 D.
985 1836 1023 1906 de
1036 1829 1134 1902 cabul.
1150 1829 1254 1902 cabil.
1268 1835 1367 1930 Finge
1382 1827 1550 1909 ,Tabulas
1562 1829 1603 1900 ad
1617 1822 1747 1900 causam
1758 1829 1936 1905 testamenti
1950 1839 2116 1929 pertinen.

530 1975 578 2024 tes
590 1947 677 2045 apud
691 1942 856 2042 pupillum
864 1931 979 2013 fuitse.
1001 1934 1035 2002 δι
1050 1927 1130 2000 dolo
1146 1930 1266 2003 tutoris
1278 1956 1329 2000 eas
1340 1925 1457 2000 desiisse
1478 1924 1570 2002 elba
1595 1933 1635 2000 In
1659 1922 1768 2022 ipsum
1789 1949 1934 2002 tutorem
1954 1935 2115 2028 competit

527 2049 768 2122 Interdidtum:
794 2046 941 2132 AEquum
955 2033 1043 2103 euim
1056 2029 1100 2099 est
1114 2075 1124 2108 .
1149 2022 1254 2122 ipsum
1268 2053 1306 2099 ex
1317 2027 1438 2100 delidbo
1452 2021 1513 2098 suo
1526 2031 1628 2100 teneri
1643 2081 1655 2110 ‚
1671 2051 1741 2098 non
1757 2025 1940 2121 pupillum,
1965 2053 2003 2102 ur
2016 2028 2116 2104 (fisa.

528 2153 574 2220 tis
586 2147 692 2220 verbis
707 2141 844 2214 traditur
858 2138 892 2207 d.
906 2138 930 2204 l.
943 2133 1063 2234 penult.
1080 2136 1127 2200 D.
1145 2130 1183 2197 dr
1194 2124 1257 2198 rab.
1273 2126 1375 2198 cxliii.
1389 2131 1484 2221 cujus
1494 2125 1580 2200 tituli
1594 2133 1646 2199 lex
1657 2130 1717 2197 ult.
1734 2148 1771 2198 ut
1786 2124 1871 2212 dixi,
1884 2131 1959 2202 lauit
1971 2136 2115 2224 conpari.

534 2245 644 2346 genda
666 2244 756 2314 venit
771 2263 836 2310 una
860 2237 1032 2308 cumbra.
1048 2235 1094 2300 D.
1110 2225 1147 2296 de
1160 2223 1289 2323 adquin
1299 2225 1408 2330 pvffiff·

579 2345 614 2416 N
661 2367 702 2414 ue
715 2342 750 2412 in
769 2331 952 2406 interdictis
968 2347 1126 2408 tautum,
1152 2349 1268 2396 uerum
1286 2327 1369 2397 &in
1380 2321 1628 2424 caterisquqne
1641 2329 1736 2424 causis
1752 2325 1830 2400 huic
1842 2333 1926 2428 λος.
1938 2325 2051 2400 locum
2065 2324 2115 2400 es-

529 2435 561 2513 se
574 2442 617 2511 ait
656 2463 696 2510 ve
714 2431 892 2515 Iavolenus
908 2427 971 2498 live
983 2421 1133 2499 Cassius.-
1161 2421 1262 2492 veluti
1277 2421 1300 2494 st
1315 2445 1440 2494 tutores
1456 2417 1590 2496 scientes
1616 2422 1829 2498 calumniosas
1856 2431 2001 2500 actiones
2028 2427 2115 2498 insti·

531 2561 650 2618 tuant,
674 2527 753 2608 cum
764 2534 849 2602 ratio
860 2521 1008 2626 litigandi
1024 2547 1096 2592 noa
1112 2515 1212 2608 elia,
1235 2545 1343 2616 neque
1358 2525 1445 2592 euim
1459 2521 1600 2616 pupillus
1613 2525 1678 2596 hoc
1698 2518 1772 2608 casu
1801 2519 1984 2622 sumptibus
2005 2549 2120 2626 grava-

530 2660 607 2720 tur,
632 2641 654 2707 l.
668 2663 728 2706 non
739 2631 779 2724 ιβ
794 2630 938 2730 ignorum
953 2631 986 2694 6.
1003 2621 1078 2693 Cod.
1094 2619 1132 2690 de
1147 2619 1326 2714 adminislr.
1338 2643 1436 2692 tutor.
1449 2621 1520 2694 Ubi
1535 2624 1618 2695 ratio
1630 2623 1697 2696 haec
1711 2621 1871 2722 eleganter
1887 2623 2032 2696 redditur
2049 2673 2060 2703 ,
2081 2653 2118 2696 rr

388 2817 391 2825 Δ
525 2737 587 2827 sub
636 2757 748 2804 arexru
761 2725 896 2800 nominis
904 2721 1097 2826 pupillorum
1111 2741 1227 2800 ratores
1246 2741 1373 2822 propter
1389 2719 1464 2810 ficas
1475 2727 1648 2817 fimadares
1666 2723 1776 2811 secure
1799 2723 1870 2796 lites
1881 2725 1958 2816 ficar
1983 2749 2123 2794 exercere

527 2760 796 2938 paffi'ixissimenr
806 2879 822 2910 ,
844 2829 866 2896 l.
879 2821 999 2921 quoties
1016 2822 1048 2894 8.
1061 2823 1090 2896 i.
1107 2843 1162 2888 arc
1173 2818 1283 2916 utique
1297 2828 1331 2890 6.
1344 2827 1391 2890 D.
1403 2818 1467 2888 eod.
1479 2831 1518 2903 (n
1532 2820 1621 2917 iqui
1630 2819 1842 2912 ftlidnmpd.
1858 2825 1886 2900 i.
1907 2849 1938 2892 2.
1951 2831 1998 2894 D.
2012 2823 2050 2893 de
2064 2827 2123 2922 leg.

536 2959 569 3004 2.
586 2929 642 3003 ubi
658 2929 874 3022 Papinianus:
900 2921 1067 3019 Ignaviam
1078 2916 1177 2994 essim.
1188 2917 1422 3014 praetendentes
1437 2920 1542 2993 audiri
1556 2945 1626 2992 non
1653 2943 1806 3015 oportere
1830 2923 1901 2993 ait.
1927 2927 2012 2994 ltem
2029 2918 2051 2990 si
2075 2927 2124 3013 jus

534 3027 659 3102 dicenti
673 3053 742 3098 uon
757 3024 1022 3118 obtemperatum
1049 3015 1146 3086 suerit
1166 3043 1185 3086 a
1211 3039 1350 3100 tutore,
1374 3019 1460 3086 tun.
1474 3023 1501 3097 §.
1522 3045 1554 3090 2.
1572 3027 1618 3091 D.
1624 3023 1656 3114 fi
1667 3020 1740 3116 quis
1745 3025 1804 3111 jus
1815 3019 1959 3092 dicenti.
1985 3023 2019 3092 Si
2042 3015 2123 3090 dolo

533 3127 616 3224 quid
631 3125 707 3200 setit
718 3147 811 3196 tutor
821 3126 857 3196 ia
869 3148 905 3193 re
917 3114 1067 3216 pupdlari
1078 3112 1247 3186 vendenda
1263 3167 1275 3200 ,
1302 3137 1338 3186 ut
1364 3117 1400 3186 in
1421 3109 1468 3208 sp.
1482 3123 1506 3190 l.
1521 3117 1672 3206 Julianus
1691 3122 1790 3212 13.§.
1808 3147 1843 3208 7.
1857 3099 2009 3222 inlpim.
2026 3125 2071 3190 D.
2088 3117 2126 3189 de
2270 3203 2272 3224 Ι

531 3231 590 3299 att.
604 3250 698 3330 empt.
713 3227 843 3317 Nempe
858 3243 894 3292 ut
908 3215 1005 3290 dolus
1020 3215 1139 3286 tutoris
1153 3213 1279 3310 pupillo
1296 3237 1470 3308 nunquam
1484 3237 1600 3288 noceat
1617 3249 1627 3290 .·
1643 3217 1733 3288 Nam
1749 3225 1784 3288 δι
1800 3220 1872 3290 viee
1884 3211 1973 3290 versa
1988 3241 2048 3288 nec
2060 3215 2130 3287 cin-

533 3323 714 3398 cumventr'a
731 3323 876 3408 tutoris(
890 3319 926 3390 id
938 3317 983 3388 est
996 3309 1092 3382 dolus
1106 3309 1150 3384 ab
1167 3339 1208 3386 eo
1220 3310 1371 3385 admiffus
1386 3323 1398 3404 J
1415 3313 1541 3410 pupillo
1557 3341 1706 3411 unquam
1719 3317 1883 3388 adlionem
1899 3315 2045 3411 prabet,
2072 3309 2128 3386 seu

533 3422 661 3516 pupillo
672 3449 741 3492 non
759 3417 888 3516 prodest
906 3465 915 3494 .
941 3439 1011 3490 non
1026 3413 1130 3509 magis
1144 3437 1247 3508 quatu
1261 3411 1417 3496 alterius,
1441 3414 1501 3484 alii
1508 3417 1531 3484 1.
1546 3439 1605 3502 49.
1614 3414 1689 3514 sup.
1701 3415 1732 3485 h.
1748 3439 1774 3487 r.
1789 3439 1894 3512 quam
1906 3414 2054 3508 alioquin
2082 3405 2130 3485 le·

535 3545 612 3617 gem
625 3543 703 3590 cum
719 3519 779 3590 hac
794 3543 964 3612 perperam
978 3509 1129 3585 nonnulli
1145 3505 1360 3582 commiscent
1376 3563 1387 3584 .
1412 3513 1501 3584 Hinc
1511 3517 1577 3604 jam
1592 3511 1643 3583 illa
1658 3511 1801 3586 bilateris
1815 3519 1850 3583 dc
1868 3509 2010 3596 rotunda
2036 3512 2133 3606 Papi·

533 3619 623 3688 niani
637 3611 803 3694 delinitio,
827 3619 850 3686 l.
873 3643 903 3706 3.
921 3624 969 3688 D.
982 3609 1108 3708 quando
1121 3613 1254 3704 exsarto
1272 3633 1335 3683 rur.
1350 3633 1424 3708 que
1438 3633 1611 3704 utramque
1625 3615 1711 3712 λος.
1737 3635 1811 3706 qua
1823 3617 1857 3684 dt
1879 3611 1940 3682 hat
1961 3609 1985 3681 l.
1999 3617 2035 3682 δι
2061 3611 2092 3682 d.
2105 3611 2130 3682 l.

535 3744 596 3805 49.
611 3715 803 3804 continetur
813 3710 975 3804 ‚ambitu
992 3707 1050 3782 suo
1062 3709 1294 3805 complectitur
1311 3761 1323 3783 .
1348 3713 1451 3787 Delus
1463 3732 1606 3784 aarum
1616 3734 1713 3816 puero
1733 3709 1791 3800 (id
1814 3711 1884 3792 est,
1907 3707 2133 3810 popillolrrt·

535 3843 597 3912 quc
610 3841 740 3894 nocere,
765 3826 863 3912 neque
870 3813 1003 3915 ptrdtffe
1018 3805 1126 3882 delet.

585 3919 624 3984 Et
638 3908 705 4008 ipse
720 3935 830 3984 tamen
843 3915 1036 4008 Papinianus
1047 3907 1154 3981 eadem
1168 3907 1227 3982 illa
1239 3915 1297 4006 Li.
1312 3905 1394 3986 illud
1407 3907 1503 4008 quod
1518 3928 1556 4002 ut
1567 3907 1694 4011 vulgo,
1708 3911 1796 3984 ita&
1811 3910 1871 3984 hac
1884 3913 1972 4010 Reg.
1990 3905 2135 3994 dicitur,

539 4009 670 4080 Tutoris
684 4013 789 4080 dolum
800 4012 919 4110 pupillo
931 4039 992 4084 non
1003 4037 1110 4085 nocere
1126 4059 1136 4094 ‚
1161 4005 1240 4108 sepe
1255 4011 1363 4084 sallere
1376 4011 1517 4082 ostendit
1529 4053 1539 4090 ι
1563 4015 1600 4082 dc
1612 4009 1756 4104 exempla
1768 4013 1829 4082 tria
1842 4007 1961 4080 ibidem
1974 4007 2136 4101 apponit:

537 4106 601 4179 Sed
614 4115 648 4178 lit
663 4103 913 4200 quamplurimae
925 4131 1076 4198 praterea
1088 4105 1174 4207 leges
1189 4132 1392 4192 occurrunt,
1418 4107 1474 4180 ubi
1487 4107 1602 4180 dolum
1618 4113 1736 4180 tutoris
1747 4105 1873 4202 pupillo
1886 4130 2005 4175 nocere
2018 4095 2137 4190 defini-

537 4228 609 4290 tur,
636 4201 691 4278 etsi
708 4205 817 4281 varie.
842 4225 921 4297 puta
935 4207 987 4272 lex
1000 4210 1056 4274 uir.
1068 4211 1114 4274 D.
1127 4208 1165 4274 de
1177 4206 1299 4278 adarim
1314 4232 1412 4278 turer.
1423 4212 1475 4277 lex
1492 4235 1527 4295 4.
1542 4210 1569 4284 §.
1591 4232 1608 4274 ι
1617 4233 1647 4296 3.
1660 4216 1706 4278 D.
1720 4205 1758 4275 de
1770 4205 1835 4276 doti
1844 4225 1963 4306 except.
1976 4207 2000 4276 l.
2015 4227 2070 4294 ις.
2084 4211 2133 4277 D.

514 4343 519 4396 j
537 4307 665 4385 dedolo,
681 4309 703 4375 l.
725 4331 755 4376 r.
772 4311 817 4376 D.
835 4303 960 4400 quando
975 4304 1108 4398 exfailo
1122 4325 1185 4373 rur.
1197 4307 1225 4376 l.
1241 4329 1270 4376 ι.
1283 4309 1312 4383 §.
1326 4314 1359 4378 6.
1380 4311 1426 4378 D.
1442 4331 1479 4375 ne
1492 4302 1606 4400 visfiat
1620 4303 1650 4376 ei
1660 4353 1670 4386 ,
1685 4308 1708 4376 l.
1731 4309 1824 4383 21.§.
1847 4327 1879 4375 ι.
1897 4309 1945 4376 D.
1958 4303 1996 4374 dt
2008 4301 2138 4404 perusie

415 4489 419 4508 .
537 4408 560 4474 l.
579 4432 633 4496 13.
648 4408 676 4480 i.
692 4432 725 4482 7·
744 4401 838 4478 Dide
852 4399 1087 4504 cilionempti.
1116 4407 1155 4474 Et
1168 4426 1256 4476 certe
1268 4405 1418 4478 intricata
1432 4401 1494 4476 suit
1524 4411 1560 4476 δι
1574 4396 1787 4478 controversa
1806 4402 1874 4474 hae
1900 4400 2036 4496 quaellio
2048 4401 2138 4472 inter

510 4581 512 4586 ,
536 4499 815 4578 iurisconsultus.
843 4507 973 4573 Verum
984 4495 1192 4596 sequentibus
1210 4503 1471 4578 distiudlionibus
1490 4509 1526 4574 dc
1539 4493 1704 4575 sententiis
1721 4501 1819 4572 bodie
1832 4511 1885 4572 res'
1907 4502 1953 4570 ita
1969 4501 2134 4591 corupoui

535 4596 623 4695 poll'e
637 4599 783 4672 videtur:
809 4605 916 4672 Prima
929 4647 939 4679 .
965 4598 1090 4670 situtor
1105 4623 1193 4670 extra
1207 4601 1386 4700 legitimam
1397 4601 1575 4701 gestionem
1598 4595 1653 4674 seu
1679 4589 1993 4674 admitti-amieo
2008 4599 2053 4670 rei
2065 4619 2134 4691 pu-

537 4699 681 4790 pillaris,
710 4693 761 4768 seu
774 4695 968 4772 extrinsecus
996 4704 1008 4786 l
1019 4721 1056 4768 ut
1071 4697 1220 4795 loquitur
1235 4700 1399 4794 Ulpianus
1408 4702 1555 4800 dlege4.
1573 4709 1620 4773 D.
1633 4701 1758 4797 quande
1773 4726 1814 4770 ex
1818 4701 1905 4792 salia
1930 4705 2039 4786 amar.)
2065 4693 2135 4764 do·
2230 4734 2236 4752 ·

538 4791 809 4922 lumladmflfflit,
833 4796 929 4870 dolus
938 4799 991 4872 hic
999 4795 1117 4892 procul
1127 4795 1231 4874 dubio
1245 4801 1488 4900 necquicquam
1499 4797 1628 4898 pupilo
1642 4820 1765 4872 nocet:
1787 4797 1913 4894 dequo
1933 4793 2139 4965 propriehest

2091 4914 2141 4963 ree

2258 1850 2261 1964 p

2260 2045 2263 2146 l

2262 2296 2265 2380 1

2264 2417 2267 2554 l
